2468 4036
59 275 276 329 ivam-420
432 270 722 335 livaclivs.
1025 272 1068 335 99

142 440 205 503 Sed
235 439 280 501 nil
306 447 447 521 p'otesse:
484 441 592 500 uerum
620 440 751 500 miserae
777 443 839 499 adn
866 442 898 499 in
927 449 1063 501 mentem

506 537 651 597 uenerat:

141 634 221 697 Nam'
241 633 329 696 illum
356 635 460 717 ilique
487 634 706 696 conclusissem
728 655 830 715 neque
861 635 910 696 illi
938 640 1063 697 cemmi-
1078 651 1105 690 2⁶

512 735 621 793 sissem
641 733 802 811 uirginem.

141 900 361 960 Piranum.
405 901 541 960 Dorvs.
586 900 770 959 ΡΥΥΥΥΥΔΥ.
814 901 973 960 Dorias.

56 1026 115 1086 Pu.
144 1025 201 1086 Exi
221 1024 321 1102 foras,
345 1022 496 1085 scelestes
525 1030 556 1082 at
575 1025 666 1083 etiam
687 1024 822 1101 restitas,
1071 1035 1131 1089 lvi

140 1121 307 1199 Fugitiue?
341 1120 448 1202 prodi,
476 1120 555 1180 mile
584 1108 755 1180 conciliate.
804 1121 950 1199 Do(1svs).
999 1105 1063 1180 db-

507 1235 604 1277 seero.
648 1218 705 1278 ΡΥ.
729 1218 788 1297 011,

142 1312 223 1374 sshid
240 1306 329 1392 uide,
352 1334 386 1373 os
405 1321 440 1373 ut
461 1316 521 1375 sibi
540 1313 680 1375 distorsit
702 1315 857 1375 carnuiex.
1011 1321 1064 1378 670

144 1408 225 1486 Quid
245 1411 306 1470 hue
327 1413 384 1470 tibi
406 1409 573 1472 reditiost?
598 1414 693 1472 uestis
720 1413 794 1493 quid
814 1413 994 1473 mutitiost‘i

142 1504 222 1584 Quid
243 1508 371 1567 nemas?
397 1507 520 1588 paulum
544 1513 571 1569 si
594 1530 776 1589 cessassem,
798 1513 937 1590 Pythias,
1081 1532 1094 1571 a

141 1606 231 1665 Domi
252 1607 313 1664 nen
336 1605 551 1682 offendissem,
573 1609 616 1667 ita
635 1609 695 1668 iam
717 1607 881 1668 adornaret
901 1609 1013 1684 fugam.

55 1704 112 1764 ΡΥ.
140 1703 251 1764 Haben
272 1703 442 1781 heminem,
464 1704 592 1762 amabo?
634 1705 693 1767 Pu.
715 1705 795 1781 Quid
817 1708 850 1764 ni
869 1703 1020 1764 habeam?

508 1800 562 1859 ΡΥ.
584 1801 714 1860 Faciem
734 1803 824 1861 bene.

55 1897 218 1977 norma).
245 1897 327 1957 istim
352 1897 404 1978 pol
436 1917 512 1958 uere
540 1899 631 1957 bene.
679 1899 741 1959 ΡΥ.
761 1899 873 1959 Vbist?
923 1897 980 1958 ΡΥ.
1002 1901 1063 1960 Ro·
1137 1892 1141 1902 “

514 1997 613 2073 gitas?
640 1999 701 2054 nen
722 1995 832 2055 uides?
1012 2006 1063 2062 675

57 2096 113 2156 ΡΥ.
140 2094 295 2158 Videam?
328 2096 455 2155 ebsecro
484 2095 596 2173 quem?
638 2094 694 2154 ΡΥ.
717 2095 807 2153 Hunc
835 2093 962 2155 scilieet.
1007 2095 1061 2157 ΡΥ.

512 2193 586 2268 Quis
606 2193 658 2251 hie
674 2193 722 2252 est
740 2193 855 2251 homo?

57 2291 116 2350 Pr.
145 2290 203 2367 Qui
220 2289 259 2349 ad
273 2292 329 2350 uda
351 2287 501 2350 deductus
515 2288 647 2349 hddiest.
687 2289 743 2352 ΡΥ.
771 2290 861 2348 Hune
881 2289 978 2349 oeulis
1000 2294 1062 2354 suis
1081 2311 1107 2351 se

144 2388 325 2449 Nostrerum
346 2408 510 2467 numquam
533 2392 692 2467 quisquam
712 2386 807 2466 uidit,
828 2388 991 2452 Phaedria.

58 2485 116 2546 Pr.
143 2485 211 2545 Non
239 2486 338 2546 uidit?
381 2486 436 2546 ΡΥ.
464 2487 511 2545 An
538 2492 572 2544 tu
598 2486 680 2544 hune
707 2484 867 2544 credidisti
895 2505 979 2564 esse,
1009 2490 1063 2548 db·

510 2600 610 2659 secro,

144 2679 193 2740 Ad
214 2683 270 2741 nes
296 2679 484 2740 deductum?
533 2681 591 2738 ΡΥ.
613 2681 750 2760 Nemque
778 2679 870 2738 alium
896 2681 988 2739 habui
1009 2680 1063 2738 ne-

513 2778 634 2835 minem.
677 2776 732 2837 ΡΥ.
754 2778 813 2853 Au,
1012 2787 1064 2840 680

144 2873 190 2935 Ne
213 2872 433 2954 (temperandus
454 2874 505 2932 hie
528 2871 651 2951 quidem
669 2872 708 2932 ad
728 2871 859 2932 illumst:
881 2870 935 2932 ille
956 2881 1022 2933 erat

144 2971 283 3032 Honesta
299 2973 380 3031 faeie
401 2978 435 3032 et
449 2970 584 3032 liberali.
627 2971 685 3032 ΡΥ.
708 2974 753 3031 lta
772 2973 854 3031 uisus
877 2977 925 3030 est
1081 2999 1106 3039 15

144 3067 282 3148 Dudrim‚
303 3070 373 3149 qula
394 3071 479 3128 uaria
497 3072 585 3131 ueste
604 3071 768 3128 exornatais
789 3069 864 3128 fuit:

144 3164 232 3226 Nune
252 3167 310 3225 tibi
331 3164 456 3227 uidetur
476 3164 603 3244 foedus,
626 3169 696 3245 quia
717 3165 809 3226 illam¹
823 3169 885 3226 nen
906 3167 1008 3225 habet.

61 3263 116 3324 ΡΥ.
146 3263 230 3322 Tace
252 3264 397 3322 ebsecro:
426 3265 512 3342 quasi
531 3265 607 3323 uero
629 3264 751 3344 paulum
772 3264 855 3322 inter
877 3264 947 3324 siet.
1012 3270 1064 3323 685

146 3357 196 3418 Ad
213 3361 268 3419 nes
290 3358 440 3420 deductus
461 3360 585 3421 hedieat
606 3357 865 3437 adulescentulus,

148 3458 245 3535 Quem
263 3460 298 3518 tir
318 3459 427 3519 uidere
445 3463 521 3520 uero
541 3455 656 3536 uelles,
676 3457 864 3590 Phaedriai*
1080 3477 1105 3518 aa
