2468 4036
131 236 152 297 6
450 230 557 293 Vtra
588 230 818 294 TERENTII.

175 406 207 462 ln
217 405 341 462 medium
351 405 431 461 nobis
445 403 551 460 sedatis
563 404 680 460 uocibus
691 405 783 460 ecfers

176 487 316 560 Quicquid
327 504 407 544 come
419 490 537 559 loquens
548 493 631 559 atque
642 487 736 543 omnia
748 487 841 543 duleia
855 486 965 545 dieern.

133 571 201 627 Item
214 570 244 628 C.
258 570 377 628 Caesar:

176 655 219 711 Tu
230 671 356 728 quoque,
369 660 399 710 tu
409 654 439 710 in
450 656 581 724 sununs,
594 672 611 710 o
625 653 769 710 dimidiate
779 652 943 722 Menander,

106 747 124 798 d
176 739 293 796 Poneris
306 745 334 795 et
344 738 458 806 merito,
470 738 534 811 puri
547 739 685 794 sermonis
697 743 814 794 amator.

96 850 98 854 ·
176 824 298 880 Lenibus
310 829 393 895 atque
404 823 510 879 utinam
522 823 633 896 seriptis
646 821 778 878 adiuncta
789 823 861 878 toret
870 822 924 889 uis,

178 906 291 964 Gomiea
301 912 332 964 ut
341 913 460 981 aequato
473 907 562 963 uirtus
575 905 812 980 polleret-honore
1011 963 1013 967 ,

178 990 247 1048 Cum
259 991 382 1059 Graecis,
395 1007 488 1066 neque
499 991 529 1046 in
540 990 593 1046 hae
607 990 757 1063 despectus
768 996 848 1062 parte
860 991 986 1046 iaceres:

177 1075 271 1131 Vnum
281 1075 337 1133 hoo
347 1090 477 1131 maceror
489 1080 515 1130 et
527 1074 609 1131 doleo
620 1076 669 1131 tibi
680 1073 798 1143 deesse,
809 1073 931 1130 Terenti.

348 1227 643 1285 ADDITAMENTVM
663 1228 759 1284 AELII
779 1226 925 1286 DONATI.

217 1339 293 1395 Haeo
309 1337 460 1395 Suetonius
471 1338 659 1410 Tranquillus.
694 1340 766 1395 Nam
784 1338 857 1394 duos
875 1339 1140 1413 Terentius-poetas

134 1423 222 1479 luisse
233 1421 330 1477 scribit
340 1422 457 1490 Metius,
478 1437 596 1494 quorum
614 1423 683 1477 alter
696 1422 881 1494 Fregellanus
898 1424 981 1479 luerit
992 1424 1140 1481 Terentius

133 1506 218 1574 Libo,
236 1507 305 1561 alter
319 1505 464 1563 libertinus
479 1506 626 1562 Terentius
636 1505 705 1560 Ater
716 1511 822 1577 patria,
843 1505 878 1560 de
897 1523 951 1578 quo
964 1523 1038 1565 nuno
1051 1510 1140 1581 loqui·

134 1604 206 1644 mur.
247 1588 389 1661 Scipionis
407 1591 517 1646 tabulas
532 1589 657 1645 edidisse
674 1589 835 1645 Terentium
852 1591 971 1662 Valgius
988 1591 1018 1647 In
1038 1594 1141 1649 Aetas-

90 1677 126 1730 15
138 1688 192 1728 one
205 1673 258 1728 eit:

87 1781 110 1818 ο
178 1757 254 1815 tuae
266 1757 339 1830 quae
352 1763 490 1816 uocantur
502 1756 613 1816 laudae
625 1757 743 1815 amoene
754 1755 838 1814 sunt?

176 1842 233 1898 Nor
249 1839 302 1898 has
314 1843 361 1915 qui
373 1844 436 1899 iura
445 1842 562 1917 Pdplius
573 1842 659 1899 dabat
667 1841 797 1915 pentibus

176 1926 289 1983 Honore
301 1943 411 1983 summo
425 1926 552 1985 adlectus
565 1927 631 1983 ieeit
640 1922 770 1984 tabulas?

133 2009 211 2066 Duae
230 2012 264 2065 ab
282 2010 456 2082 Apollodoro
479 2011 632 2067 translatae
650 2025 714 2064 esse
726 2009 856 2065 dicuntur
867 2011 990 2081 comico,
1009 2011 1139 2068 Phormio

91 2097 127 2150 20
137 2099 165 2147 et
179 2093 306 2166 Hecyra:
325 2098 455 2165 quattuor
472 2093 597 2164 reliquae
619 2091 819 2148 aMenandro.
851 2094 895 2149 Ex
912 2095 1013 2166 quibus
1035 2111 1139 2168 magno

137 2192 274 2234 successu
284 2182 311 2231 et
322 2178 412 2249 pretio
429 2178 502 2233 stetit
511 2176 665 2234 Eunuchus
677 2177 784 2234 tabule:
801 2176 913 2251 Hecyra
926 2193 1012 2251 saepe
1024 2180 1140 2236 exclusa

136 2261 185 2314 uix
195 2265 258 2316 aeta
269 2266 322 2316 est.
