2468 4036
99 280 323 337 113107-134
364 270 553 333 Husvuou
575 270 865 334 TIMORVMENOS.
1050 277 1112 342 143

101 462 187 523 Gmu.
215 459 331 522 Verum
347 453 456 516 hercle
470 455 551 515 istuc
568 460 627 515 est.
661 455 757 535 Syre,
777 454 857 535 Syre
871 458 1013 539 inquam,
1033 463 1112 523 heus

559 554 655 632 heus,
677 554 767 633 Syre.

101 655 154 717 Su.
182 650 354 717 concaluit.
385 650 545 731 quiduis?
577 653 663 714 cnm·
683 652 781 732 Redi,
803 652 883 714 redi.
912 655 965 716 Su.
981 656 1113 719 Adsum·

560 749 610 810 die
627 750 789 830 quidest?
938 770 942 774 ·

185 851 246 911 lem
266 852 326 910 hoe
348 851 471 929 qudque
493 848 622 927 negabis
643 849 701 908 tibi
720 845 857 929 plaeere.
898 852 985 913 (inlu.
1008 855 1112 934 humei,

562 945 658 1024 sym
1060 963 1113 1019 350

187 1049 229 1109 Et
243 1049 293 1108 me
309 1053 343 1109 ei
356 1064 458 1106 meum
475 1064 611 1105 umorem
626 1050 659 1104 et
675 1046 785 1107 fimum
799 1050 948 1128 permiitd
964 1052 1032 1115 tibi.
1128 1071 1165 1114 ιω

187 1147 237 1205 Tu
257 1166 290 1206 es
305 1145 416 1206 iddex:
439 1143 556 1223 nequid
571 1144 758 1205 dccusuudus
775 1147 816 1206 sis
830 1146 913 1211 uide.

103 1244 157 1306 Su.
191 1242 397 1304 Ridiculumst
412 1248 445 1303 te
460 1245 541 1302 istuc
555 1260 605 1302 me
619 1241 803 1323 ddmonere‚
826 1241 981 1329 Clitipho:

189 1343 282 1418 Quasi
298 1344 368 1401 istie
383 1360 451 1401 meu
468 1360 521 1401 res
536 1344 636 1401 minor
652 1346 759 1420 egetur
774 1349 864 1424 quim
880 1353 940 1407 tua.

186 1441 247 1501 Hie
262 1439 365 1518 siquid
379 1441 469 1499 nobis
484 1439 568 1499 fdrte
583 1439 709 1503 aduersi
724 1444 878 1524 eudnerit,
1062 1455 1114 1510 355

189 1540 263 1599 Tibi
283 1541 376 1599 eruut
390 1546 499 1620 paratu
515 1541 622 1620 uerba,
643 1542 715 1601 huie
729 1543 846 1602 homini
861 1544 1009 1605 uerberat
1127 1567 1165 1609 ns

190 1639 388 1719 Quaprdpter
407 1640 486 1698 haee
506 1656 560 1699 res
580 1657 621 1698 ne
644 1640 782 1718 utiquam
803 1638 981 1719 negleetdst
1002 1643 1086 1703 mihi.

191 1736 254 1795 Sed
268 1738 370 1797 istunc
386 1756 489 1816 exure,
506 1743 540 1799 ut
555 1740 640 1798 siam
656 1757 725 1799 esse
740 1738 912 1799 adsimulet.
941 1741 1029 1803 (inm.
1048 1741 1114 1800 Sei-

560 1837 639 1898 lieet

188 1935 358 1996 Facturum
376 1954 428 1996 me
450 1952 535 1996 esse:
556 1939 590 1997 in
608 1940 677 1998 euim
697 1939 758 1996 ium
778 1955 829 2020 ¹res
850 1936 947 1997 rediit
967 1935 1081 2015 locum,

128 2078 132 2083 -
186 2033 230 2097 vt
249 2036 290 2094 sit
310 2052 468 2094 necessus.
498 2034 585 2095 Cum.
600 2036 718 2096 Merito
738 2040 771 2095 te
794 2053 878 2112 amo,
901 2032 1012 2095 Clinia.
1063 2045 1115 2100 360

102 2133 190 2194 Cum.
215 2133 332 2195 Verum
352 2131 409 2192 ssla
430 2133 547 2211 nequid
564 2136 689 2195 iiiubet.
720 2134 773 2194 Su.
796 2132 982 2194 Perdoctdst
1004 2136 1113 2215 probe.
1128 2155 1167 2198 120

105 2232 190 2292 cm.
214 2233 255 2291 At
276 2233 335 2290 hdc
358 2230 513 2310 demiror,
542 2235 595 2311 qui
616 2239 678 2292 tum
697 2231 792 2292 facile
810 2233 951 2311 pdtueris

185 2328 381 2390 Persuidere
402 2329 470 2408 illi,
494 2332 572 2409 quud
592 2329 674 2391 solet
694 2350 771 2409 quos
792 2329 960 2410 spernere!

103 2427 156 2488 Su.
186 2427 221 2487 ln
243 2428 385 2507 tempore
407 2426 447 2486 ad
469 2446 535 2487 eum
557 2428 640 2506 ueni,
665 2427 747 2506 quod
766 2446 871 2487 rerum
894 2427 1059 2486 dmniumst

187 2524 340 2585 Primum:
363 2545 433 2584 num
457 2524 609 2604 quendem
632 2527 746 2585 misere
766 2524 884 2585 offendi
905 2523 1036 2583 militem
1063 2532 1114 2587 365

187 2623 262 2682 Eius
284 2624 409 2683 ndctem
432 2628 587 2683 orantem:
609 2622 686 2682 haec
708 2623 777 2681 drie
797 2621 950 2680 tractabit
971 2621 1082 2697 uirum,
1129 2636 1167 2678 12⁶

186 2719 231 2781 Vt
253 2718 337 2780 sslius
361 2722 494 2781 animum
515 2719 660 2800 cupidum
681 2721 786 2800 inopie
802 2717 1003 2778 incenderem

189 2815 370 2897 Eademque
384 2826 419 2879 ut
435 2825 520 2879 esset
536 2817 616 2899 dpud
631 2824 663 2877 te
680 2818 740 2878 hoe
756 2836 845 2896 quum
861 2818 1086 2894 gratissumum.

188 2918 251 2979 Sed
269 2920 348 2979 heus
367 2926 412 2997 tu,
434 2919 507 2980 uide
529 2921 571 2980 sis
592 2918 711 2999 nequid
727 2917 898 2999 inprudens
918 2936 997 2978 rues.

185 3017 311 3078 Patrem
332 3019 448 3079 nouisti
470 3017 508 3078 ud
529 3020 584 3079 his
605 3037 657 3078 res
683 3016 834 3096 quamsit
855 3016 1032 3097 perspicax:
1063 3023 1115 3079 370

185 3117 251 3194 Ego
273 3124 306 3178 te
329 3120 432 3178 mitem
453 3119 527 3178 noui
550 3137 639 3195 quam
661 3118 729 3176 esse
753 3113 854 3175 soleas
874 3118 1034 3196 inpotens:
1130 3128 1167 3170 see

186 3213 311 3273 iuuerss
332 3217 439 3294 uerba,
461 3217 586 3276 euersas
608 3217 838 3291 cernicinum,
902 3207 905 3215 ’

188 3311 338 3390 Gemitus,
362 3320 510 3393 screatus,
532 3314 636 3392 tussis,
658 3316 739 3374 risus
761 3313 893 3374 dbstine.

37 3460 41 3467 .
103 3411 189 3470 Cum.
210 3408 373 3470 Lauddbis.
396 3410 449 3472 Su.
468 3411 550 3473 Vide
572 3412 623 3470 sis.
647 3407 1079 3472 (in1u.T1'1timetmirdbere.

102 3508 156 3569 Su.
180 3506 244 3569 Sed
266 3512 354 3588 quim
378 3509 439 3569 citu
463 3518 536 3570 sunt
557 3512 740 3570 cdnseeutae
761 3505 926 3568 mulieres!
1063 3511 1114 3567 375
