2468 4036
383 804 767 879 PROLOGVS.

153 991 187 1051 Si
209 993 415 1070 quisquamst,
440 991 491 1067 qui
505 987 632 1068 placere
655 1007 689 1048 se
710 987 834 1049 studeit
852 992 941 1051 bonis

153 1090 250 1165 Quam
272 1087 414 1169 phirimis
442 1093 475 1147 et
496 1091 629 1146 minume
650 1088 763 1147 multos
784 1085 922 1168 laedere,

152 1185 186 1244 in
202 1186 250 1245 his
269 1187 362 1265 putta
382 1185 434 1244 hic
453 1186 566 1243 nemen
581 1183 748 1263 profitetur
764 1203 859 1249 suem.

153 1280 232 1342 'lum
255 1283 349 1361 siquis
369 1286 432 1360 est,
454 1281 506 1359 qui
528 1279 643 1340 dictum
664 1282 697 1339 in
719 1300 752 1341 se
774 1280 990 1344 inclementius

152 1379 356 1441 Existumabit
373 1381 457 1458 esse,
480 1381 525 1439 sic
545 1381 718 1457 existumet,
1057 1395 1074 1446 5
1150 1414 1151 1417 =

151 1478 360 1558 Respdnsum,
382 1498 445 1538 neu
467 1476 582 1538 dictum
604 1479 691 1557 esse,
715 1481 785 1558 quia
803 1476 898 1541 laesit
919 1481 1018 1562 prior,

152 1576 211 1651 Qui
233 1577 314 1636 bene
335 1574 488 1636 uortenda
513 1583 546 1635 ct
568 1574 691 1636 eisdem
713 1576 878 1638 scribendi
895 1578 975 1640 male

150 1674 198 1733 Ex
218 1675 347 1734 Graecis
367 1674 457 1732 benis
478 1672 603 1733 Latinas
625 1673 702 1733 fecit
723 1676 786 1732 nin
807 1677 912 1736 bonas.

151 1770 235 1853 idem
257 1768 425 1832 Menandri
445 1770 576 1830 Phisma
596 1790 677 1830 nunc
698 1773 798 1850 nuper
820 1770 908 1831 dedit

150 1870 253 1948 Atque
278 1872 310 1929 in
333 1869 516 1929 Thensauro
536 1869 675 1948 ascripit,
697 1888 817 1928 causam
839 1868 944 1929 dicere
1042 1885 1072 1933 it

150 1966 241 2025 Prius
263 1965 347 2027 dnde
367 1967 501 2045 petitur,
523 1968 629 2027 adram
653 1986 712 2045 qua
733 1985 769 2026 re
791 1968 830 2026 sit
851 1986 947 2044 suum,

152 2065 249 2140 Quam
267 2062 336 2124 illic
355 2066 407 2144 qui
427 2066 524 2144 petit,
545 2063 628 2125 unde
650 2067 676 2125 is
697 2066 739 2125 sit
760 2066 946 2126 thensaurus
967 2065 1027 2125 sibi

151 2163 215 2221 Aut
236 2161 319 2223 dude
337 2163 370 2222 in
390 2164 524 2243 patrium
546 2167 776 2224 minumentum
796 2164 987 2243 peruenerit.

151 2258 271 2319 Dehinc
291 2262 332 2321 ne
355 2261 525 2321 frustretur
543 2265 609 2340 ipse
634 2280 668 2321 sc
690 2268 742 2321 aut
764 2263 809 2322 sic
831 2263 948 2340 edgitet

151 2356 335 2417 ‘Defunctus
357 2361 416 2418 iam
438 2378 520 2437 sum,
542 2358 587 2418 nil
610 2367 659 2420 est
682 2360 765 2439 qued
787 2359 869 2420 dicit
889 2361 996 2422 mihi't
1040 2373 1073 2425 15

32 2490 35 2494 ι
149 2455 177 2514 is
199 2473 239 2514 ne
262 2456 350 2516 trret
370 2475 480 2516 manee
502 2462 535 2515 et
557 2455 679 2517 desinat
697 2454 863 2517 lacessere.

148 2550 257 2612 Habeo
278 2550 339 2612 ilia
358 2550 470 2630 multa,
495 2549 573 2630 quae'
595 2570 677 2612 nnnc
699 2551 935 2631 condonibitur,

151 2648 236 2723 Quae
256 2650 458 2730 prdfereutur
479 2652 567 2729 pdst,
589 2651 616 2709 ai
637 2655 750 2729 perget
770 2648 908 2728 laedere,

149 2746 194 2806 ita
214 2752 248 2807 ut
269 2748 373 2809 ficere
400 2749 544 2809 instituit.
584 2752 674 2828 quim
695 2767 776 2809 nunc
799 2750 898 2808 acturi
917 2768 1018 2809 sumus

148 2844 315 2906 Mendndri
328 2848 526 2925 Eunuchum,
546 2849 708 2927 piatquam
724 2845 842 2909 aediles
858 2850 1010 2927 emerunt,
1038 2859 1073 2912 20

147 2941 287 3003 Perfecit
310 2944 369 3004 sibi
390 2949 424 3003 ut
445 2943 632 3026 inspiciundi
655 2952 739 3007 esset
758 2948 855 3027 cipia.

147 3037 349 3118 Magistritus
371 3060 463 3120 quem
490 3043 535 3102 ibi
559 3039 699 3121 adesset,
728 3046 887 3124 acceptist
908 3046 965 3122 agi.

148 3135 325 3217 Excltmat,
346 3138 464 3218 furem,
487 3143 548 3200 ndn
570 3143 692 3221 politam
713 3140 849 3202 fibulam

146 3233 279 3296 Dedisse
302 3243 336 3296 et
355 3235 402 3296 nil
424 3235 548 3298 dedisse
565 3240 734 3300 uerbordm
756 3245 876 3299 tamen:

147 3331 293 3394 Colacem
316 3337 384 3396 esse
398 3336 496 3397 Naeui
516 3342 549 3398 et
567 3335 686 3415 Pladti,
708 3343 848 3397 ueterem
870 3334 1014 3411 fibulam,
1036 3344 1071 3397 25

145 3430 279 3494 Parasiti
298 3453 462 3514 persenam
484 3434 557 3495 inde
579 3431 710 3495 ablatam
731 3440 764 3494 et
784 3432 902 3495 militis.

102 3516 288 3578 Taannrrvs.
429 3509 433 3517 ’
840 3512 860 3573 5
