2468 4036
60 3678 113 3736 ι.

183 271 227 336 u
321 304 329 313 -
581 264 790 328 Annulo.
1005 267 1197 321 muno-35

141 458 168 503 ιι
268 438 357 518 Soio,
380 436 466 518 qudd
487 454 610 496 uouere.
646 435 705 496 Du.
736 435 806 496 Hoc
825 439 957 516 egotibi
978 440 1122 521 profecto
1145 441 1193 501 ef-

636 534 753 594 fectum
775 536 912 600 reddam.
1220 617 1225 626 ¹

185 637 243 698 Pr.
271 636 333 698 lom
343 635 403 696 hoo
417 637 493 716 opu·
508 639 565 694 est.
588 632 646 694 Du.
665 634 745 708 Quin
755 635 815 694 ium
826 635 935 698 hobed.
959 638 1016 698 Gn.
1032 636 1115 713 Quid
1126 637 1197 699 enti

572 732 631 793 lm.
647 732 744 810 Huic,
760 738 823 794 ndu
835 737 894 796 tibi
908 737 1025 814 habeo,
1040 755 1081 798 ne
1096 738 1195 799 erres,

186 838 243 898 cn.
269 835 323 896 Sat
341 836 450 895 hdbeo.
487 833 545 894 Pu.
569 831 652 910 Quid
666 833 787 893 facies?
809 834 895 897 cedo.
915 836 975 900 lin.
994 836 1068 896 Dies
1086 836 1138 896 hio
1154 836 1196 896 mi

636 936 670 989 ut
692 932 766 992 nutis
789 933 829 992 sit
850 934 964 993 udreor
1145 941 1196 996 705

267 1033 317 1095 Ad
339 1031 506 1112 agendum:
534 1047 574 1090 ne
596 1048 724 1088 uaouom
746 1031 814 1090 <isse
836 1051 885 1091 me
905 1051 987 1092 nuno
1008 1032 1047 1093 dd
1067 1021 1196 1094 norrun-

642 1126 714 1187 dum
736 1128 863 1189 ore'das:

267 1228 404 1290 Proinde
430 1229 502 1288 hino
530 1244 586 1286 uos
615 1224 798 1285 amolimini:
829 1245 899 1287 nam
920 1230 962 1289 mi
982 1229 1194 1311 inpedimento

637 1326 721 1385 dotis.

141 1451 167 1493 n
183 1430 241 1490 ΡΛ.
268 1428 334 1506 Ego
359 1426 438 1485 hono
465 1425 570 1485 uisum.
605 1423 667 1484 Du.
694 1423 775 1499 Quid
794 1425 851 1484 tu?
879 1445 939 1504 quo
960 1425 1032 1485 hino
1052 1432 1085 1486 te
1106 1428 1196 1506 ogis?

502 1522 563 1584 Cu·
578 1521 696 1583 Verum
711 1523 759 1582 uir
775 1521 895 1583 dioom‘i
916 1523 974 1584 Du.
989 1524 1082 1584 lmmo
1100 1526 1195 1586 etiam

267 1620 461 1682 Norrdtionir
483 1619 594 1699 incipit
614 1620 655 1678 mi
675 1620 807 1682 initium.
839 1622 896 1682 Gn.
919 1620 1001 1698 Quid
1021 1640 1070 1682 me
1093 1623 1174 1682 fieti

182 1721 241 1782 Ilo.
269 1720 338 1781 Eho
365 1725 400 1779 tu
420 1716 591 1798 inpudens,
618 1735 681 1776 non
708 1718 783 1778 sdtis
803 1718 914 1798 huben,
943 1718 1027 1799 quod
1047 1720 1106 1779 tibi
1129 1718 1197 1779 die-

634 1814 731 1875 culam
746 1814 837 1894 dddo,
1144 1823 1197 1880 710

268 1915 421 1991 Quantum
440 1914 512 1973 hulo
532 1932 700 1994 promoueo
722 1914 868 1993 nuptias?
891 1913 950 1975 Gn.
973 1913 1074 1990 Daue,
1097 1916 1129 1973 it
1148 1920 1196 1974 tu·

638 2031 708 2072 meu
738 2013 798 2074 Du.
820 2011 901 2088 Quid
920 2013 1046 2091 ergoi.

183 2114 241 2174 Cn.
267 2111 311 2173 Vt
331 2110 448 2171 diruam.
480 2110 539 2173 Du.
561 2110 744 2173 Ridiculum.
779 2112 838 2172 cn.
861 2111 932 2172 Huic
952 2110 1080 2187 fooe‘ud
1095 2129 1146 2172 me
1159 2116 1194 2171 ut

637 2213 752 2289 udnion,
775 2210 878 2290 siquid
897 2212 1026 2292 poteris.

134 2327 161 2368 oo
181 2308 241 2369 lin.
269 2306 355 2384 Quid
367 2308 513 2368 ueniam?
533 2308 578 2368 nil
593 2309 703 2369 habeo.
738 2310 794 2370 Cu.
819 2291 861 2369 lt
876 2314 979 2370 tomen
993 2306 1105 2387 siquid.
1133 2308 1194 2370 Du.

635 2409 718 2487 Age,
740 2410 871 2469 ueniam.
907 2410 965 2470 Gn.
989 2405 1109 2488 Siquid,

267 2505 356 2565 Domi
379 2507 443 2568 ero.
477 2506 536 2567 nn.
567 2507 635 2586 Tu,
664 2507 779 2586 Mysia,
811 2506 882 2567 dum
904 2509 998 2585 exeo,
1024 2503 1194 2586 parumper

639 2607 784 2684 opperire
805 2605 866 2664 hio.

181 2699 246 2761 Mr.
267 2701 484 2782 Quapropter?
504 2702 562 2762 lin.
583 2702 628 2762 ltu
647 2701 729 2762 forto
744 2703 820 2782 opus
836 2707 894 2761 ent.
925 2699 991 2760 Mu.
1008 2693 1049 2760 At
1064 2699 1194 2758 motura.

631 2800 690 2861 llo.
714 2799 775 2860 lom
796 2801 921 2877 iuquam
941 2798 993 2857 hio
1014 2795 1119 2856 ddero.
1142 2801 1194 2857 715

526 2968 661 3040 Μιιιι.
701 2967 841 3027 Dnvor.

114 3109 148 3160 iv
158 3108 174 3160 3
190 3093 255 3155 Mu.
276 3092 369 3153 Nilne
398 3096 467 3155 esne
487 3097 647 3175 proprium
670 3096 848 3176 quoiquam!
876 3094 908 3153 dl
929 3095 1067 3154 uostrdm
1087 3090 1198 3151 iidem:

267 3191 423 3253 Summum
443 3195 557 3254 bonum
579 3213 648 3256 esse
670 3197 743 3255 erae
765 3195 872 3274 putuui
892 3193 975 3253 huno
988 3188 1197 3273 Pimpluilum,

266 3292 423 3368 Amicum,
447 3294 628 3371 emmonim,
649 3294 750 3353 uirum
770 3294 803 3352 in
826 3293 935 3372 quouis
956 3289 1027 3350 looo

266 3389 425 3448 Prndium:
447 3407 556 3449 uerum
578 3408 616 3450 ex
637 3393 674 3450 ed
696 3409 777 3449 nuno
799 3390 912 3450 misero
936 3389 1028 3469 quem
1047 3384 1132 3466 cupit

152 3510 165 3550 ι
266 3485 433 3547 Laborem!
455 3485 548 3547 focile
569 3488 622 3547 hic
640 3487 711 3568 pluis
730 3485 833 3547 malint
849 3505 938 3566 quam
952 3484 1020 3545 illio
1035 3483 1119 3545 boni.
1143 3487 1196 3544 720
