2468 4036
339 507 674 582 PROLOGVS.

91 681 235 760 Hecyrae
250 682 340 740 hnice
355 697 468 740 nomen
484 676 656 739 ftbulaest:
675 679 753 737 haec
769 681 861 757 quem
876 675 976 739 datast

91 779 193 855 Noua,
216 781 247 840 εί
258 797 371 838 nouom
385 775 558 836 interuenit
572 776 682 834 uitium
699 781 732 834 et
748 774 914 854 celamitas,

91 876 135 938 Vt
149 879 251 954 neque
267 875 403 956 spectari
417 874 520 951 neque
536 873 680 950 cognosci
695 874 849 953 petuerit:

90 974 135 1033 lta
152 970 284 1052 pepulus
301 969 404 1031 stulto
421 968 563 1049 stripidus
580 971 613 1028 in
628 968 806 1049 funembnlo

92 1071 234 1129 Animum
251 1070 425 1147 eccupnrat.
453 1067 535 1126 minc
552 1067 630 1126 haec
644 1063 768 1146 planest
785 1071 842 1149 pre
859 1085 954 1138 nonu:
994 1080 1011 1132 5

94 1168 136 1226 Et
150 1170 176 1226 is
192 1168 245 1247 qui
261 1166 387 1246 scripsit
401 1165 480 1224 hanc
496 1165 534 1224 ob
554 1182 620 1223 eam
636 1183 703 1224 rem
717 1163 819 1225 neluit

92 1264 209 1326 iterem
224 1265 366 1343 referre,
387 1269 422 1323 ut
435 1267 547 1323 Iterum
561 1269 669 1343 posset
683 1263 833 1341 uendere,

92 1362 158 1423 Sed
195 1389 216 1422 s
284 1390 304 1423 a
366 1387 387 1421 s
448 1386 468 1419 s
534 1383 553 1417 a
620 1389 640 1421 s
704 1389 724 1422 s
785 1391 804 1424 s

92 1461 177 1522 Alias
193 1462 347 1541 cognostis
363 1462 443 1521 eins:
467 1478 579 1539 quaeso
593 1461 673 1520 hanc
688 1461 816 1520 nescite.

231 1616 267 1684 L.
296 1613 513 1682 AMBIVIVS
540 1611 786 1684 PROLOGVS.

95 1744 208 1804 Oretor
226 1740 263 1802 ad
279 1760 335 1802 uos
351 1743 443 1802 uenio
460 1748 569 1800 ornatu
586 1741 724 1823 prelogia

94 1842 193 1902 Sinite
212 1841 443 1918 exoratorem,
465 1839 574 1899 eedem
590 1847 626 1899 nt
642 1841 710 1899 iure
727 1843 774 1900 uti
789 1857 895 1901 senem
977 1852 1012 1905 10

92 1939 212 2018 Liccet,
236 1958 296 2019 qno
310 1939 379 1998 iure
395 1957 462 1999 sum
481 1940 551 1998 uisus
566 1935 805 2016 adulescentior,

92 2037 194 2098 Noues
211 2039 264 2117 qui
279 2043 401 2098 exactas
415 2036 479 2098 feci
493 2043 528 2095 ut
540 2037 818 2115 immiscerent,

92 2135 139 2195 Ne
155 2138 224 2196 crim
238 2137 330 2217 poeta
346 2138 499 2216 scriptura
515 2136 727 2196 euanesceret.
801 2122 804 2127 ¹
1024 2153 1037 2193 a

93 2231 204 2309 ineis,
227 2251 302 2310 quas
315 2234 448 2312 primum
463 2231 580 2293 ancili
596 2231 692 2293 didici
705 2253 811 2311 nonas,
929 2268 932 2273 <

92 2328 209 2388 Partim
224 2347 290 2388 snm
304 2346 409 2388 earum
424 2334 563 2408 exectus,
584 2331 698 2409 partim
713 2333 765 2389 uix
780 2331 862 2390 steti.
978 2339 1011 2392 la

95 2429 171 2507 Quia
187 2429 302 2487 scibam
317 2424 440 2487 dubiam
453 2427 608 2487 iertunam
625 2446 694 2488 esse
712 2429 893 2505 scaenicum,

94 2525 157 2606 Spe
170 2527 290 2586 incerta
304 2530 423 2585 certum
437 2526 513 2585 mthi
528 2523 668 2585 laborem
683 2525 802 2585 sustuli.

93 2624 226 2686 Easdem
241 2628 334 2702 igere
352 2625 460 2704 coepi,
481 2630 515 2682 ut
529 2625 566 2683 eb
582 2621 694 2683 codem
712 2621 786 2682 alias
804 2619 958 2681 discerem
1024 2636 1050 2679 to

93 2723 213 2802 Nonis,
234 2721 389 2801 studiose,
410 2722 451 2781 ne
465 2719 554 2781 illum
570 2723 608 2782 ab
626 2719 728 2781 studio
745 2720 940 2780 abdecerem.

92 2821 218 2880 Perfeci
231 2826 266 2880 nt
280 2820 511 2902 spectarentur:
534 2821 587 2878 ubi
602 2828 674 2879 sunt
688 2818 840 2897 cognitae,
977 2825 1012 2880 20

93 2918 230 2979 Placitae
244 2925 324 2979 sunt.
353 2920 397 2979 ita
411 2913 535 3000 poetam
550 2919 675 2979 restitui
689 2915 838 2977 inlocum

92 3018 196 3098 Prope
210 3019 270 3078 iem
279 3013 437 3079 'remotum
451 3019 564 3078 iniuria
579 3015 788 3077 aduorstrinm

93 3116 141 3174 Ab
157 3114 260 3175 stridio
277 3125 369 3196 atque
385 3117 421 3177 ab
435 3115 543 3178 labere
558 3122 651 3197 atque
669 3120 737 3175 arte
751 3114 876 3174 musica.
1023 3126 1049 3167 to

94 3212 183 3288 Quod
201 3215 226 3273 si
241 3215 424 3295 scripturam
440 3215 627 3294 spreuissem
641 3215 674 3273 in
689 3211 865 3292 praesentia

94 3311 135 3369 Et
149 3311 181 3370 in
196 3310 385 3372 deterrendo
400 3309 566 3371 ueluissem
581 3328 706 3389 operam
720 3309 853 3381 seruere,
975 3309 1010 3364 25

94 3407 185 3469 Vtin
200 3410 263 3468 etio
279 3415 363 3469 esset
377 3409 481 3489 petius
498 3427 586 3487 quam
601 3408 634 3465 in
648 3405 789 3483 negetio:
