2468 4036
26 206 35 227 '
134 243 175 304 ιι
532 242 740 304 annum.
968 242 1142 294 una-29

219 408 321 470 Credo
345 413 523 491 inpetrabo‚
551 418 586 472 ut
606 409 724 490 aliquot
750 409 859 471 saltem
886 411 1002 490 nuptiis
1028 409 1141 491 prodit

590 506 673 568 dier:

220 603 341 662 interea
362 605 417 663 fiet
440 604 572 684 aliquid,
596 624 698 685 spero.
731 606 785 663 Βι.
808 604 843 665 Id
864 604 1005 685 ‘aliquid’
1021 603 1067 663 nil
1082 611 1131 664 ert

590 703 647 762 On.
663 702 782 780 Byrria,

92 816 116 856 ιι
218 798 299 874 Quid
319 801 377 858 tibi
399 799 545 860 uidetur?
567 800 665 860 adeon
686 799 723 858 ad
746 801 838 859 eum?
858 800 914 860 Βι.
936 800 1017 877 Quid
1037 801 1092 860 ni?
1113 800 1140 858 si

587 898 632 959 nil
653 901 802 979 inpetrata,
1088 906 1140 959 315

217 996 260 1055 Vt
288 1002 320 1055 te
350 998 519 1058 arbitretur
544 1000 603 1058 sibi
630 1005 770 1078 paratum
797 998 974 1074 moechum,
1004 997 1029 1054 si
1055 995 1138 1054 illam

591 1099 723 1160 dixerit.

134 1195 192 1254 011.
220 1177 302 1255 ibin
315 1197 387 1255 hinc
401 1200 434 1256 in
446 1197 556 1258 malam
570 1218 636 1258 rem
650 1218 716 1258 cum
730 1197 902 1277 suspitione
915 1195 1003 1271 istac,
1017 1193 1139 1254 scelus?

133 1292 190 1353 Pe.
220 1294 387 1354 Charinum
408 1295 509 1355 uideo.
532 1293 626 1354 silue.
649 1292 707 1354 Gn}
730 1290 1075 1371 0ulue‚1³amphiie·.

218 1373 267 1450 rid
285 1397 318 1451 te
337 1389 467 1450 aduenio
490 1392 575 1471 spe'm
597 1389 726 1450 salutem
747 1389 908 1449 ednailium
928 1386 1072 1448 auxilinm
1088 1391 1140 1448 ὀι-

587 1494 708 1569 petens.

89 1597 116 1642 aa
133 1584 188 1645 ΡΑ.
216 1583 324 1663 Neque
351 1583 405 1664 pol
432 1585 541 1645 consili
568 1584 671 1645 locum
692 1585 792 1646 habeo
813 1584 915 1662 neque
937 1583 975 1643 ad
997 1582 1140 1643 auxilium

588 1682 715 1762 capiam.
1088 1689 1141 1742 320

218 1778 281 1838 Se'd
309 1779 387 1838 istuc
416 1779 491 1858 quid
517 1780 640 1840 namet?
669 1780 727 1841 Gn.
756 1777 859 1838 Hadia
881 1797 1008 1839 uxorem
1030 1776 1140 1838 dicis?

588 1878 645 1938 Pe.
667 1877 771 1938 Aiunt.
797 1877 854 1936 Gn.
878 1874 1048 1956 Pamphile,

220 1972 252 2032 Si
273 1972 306 2031 id
328 1973 420 2050 facia,
442 1973 536 2034 hodie
556 1981 747 2054 postremum
767 1974 817 2032 me
838 1971 935 2032 uides.
972 1973 1027 2036 Pa.
1058 1972 1139 2049 Quid

586 2071 653 2130 ita?
675 2071 732 2130 Cn.
754 2071 793 2130 Ei
812 2069 897 2144 mihi,

217 2168 339 2230 Vereor
368 2166 489 2228 dicere:
520 2170 591 2228 huic
620 2166 669 2227 dic
693 2186 822 2247 quaeso,
844 2167 964 2244 Byrria.
995 2169 1049 2228 Βι.
1072 2169 1138 2246 Ego

587 2265 694 2326 dicim.
724 2267 782 2326 Pr.
803 2264 884 2343 Quid
904 2267 974 2326 est?

132 2364 186 2424 nr.
215 2361 363 2444 Spinsam
385 2365 436 2423 hie
458 2371 539 2425 tuam
559 2370 647 2425 amat.
686 2365 743 2424 Pa.
768 2363 816 2424 Ne
837 2364 898 2423 iste
919 2363 1002 2423 haud
1021 2382 1138 2423 mecum

587 2463 692 2523 se'ntit.
727 2462 786 2522 eho
810 2459 881 2521 dnm
901 2459 951 2521 dia
972 2463 1063 2521 mihi:

89 2574 115 2617 aa
217 2558 371 2639 Niamquid
393 2580 462 2620 nam
484 2558 614 2642 amplius
634 2560 693 2619 tibi
718 2579 787 2619 cum
810 2557 866 2619 illa
886 2559 962 2637 init,
983 2556 1139 2619 Charine?

589 2660 647 2721 Gn.
667 2660 732 2736 Ah,
750 2657 922 2739 Pamphile,
1088 2665 1139 2719 325

216 2756 279 2819 Nil.
311 2759 368 2819 Pa.
390 2760 486 2836 Quam
508 2758 638 2822 uellem!
665 2758 722 2819 cn.
745 2757 835 2817 Nirne
856 2762 890 2815 te
904 2773 962 2835 per
976 2755 1139 2813 amicitiam

589 2861 622 2914 et
643 2873 701 2933 per
723 2871 857 2912 amorem
879 2853 1019 2926 ebsecro,

216 2950 374 3028 Principio
395 2956 489 3008 utne
511 2948 613 3009 dicas.
648 2947 705 3011 l‘n.
727 2946 814 3006 Dabo
835 2943 979 3024 equidem
1002 2948 1135 3024 eperum.

588 3045 644 3104 Gn.
669 3042 732 3103 Sed
753 3044 779 3102 ai
799 3041 832 3102 id
853 3044 913 3101 ιιόιι
934 3046 1039 3121 potest

143 3120 159 3191 'f
217 3141 280 3203 aut
298 3142 357 3202 tibi
377 3141 504 3221 nuptiae
524 3142 602 3201 haec
624 3146 695 3200 sunt
717 3138 822 3217 cardi,
848 3139 906 3200 Pr.
931 3136 1049 3198 cardi?
1077 3137 1136 3198 cn.

579 3238 689 3299 ualtem
712 3237 831 3316 aliquit
849 3235 915 3296 dies

213 3336 341 3415 Ριόίει,
357 3335 427 3398 dum
441 3338 624 3419 proficiscor
638 3334 759 3416 aliquo,
777 3336 818 3396 ιιὸ
831 3332 960 3395 uideam.
983 3334 1040 3394 Pa.
1056 3329 1135 3392 Audi

585 3434 736 3497 nunciam.
