2468 4036
181 213 243 275 240

470 209 669 272 PROLOGVS
695 207 888 271 uncinum

264 378 493 439 Deterruissem
511 376 620 455 sicile,
642 397 682 437 ne
698 376 772 438 alias
789 379 951 438 scriberet.

262 477 350 537 Nune
367 475 441 556 quid
457 481 576 556 petam,
598 494 666 534 mea
681 477 771 535 carisa
789 495 886 557 aequo
903 477 1004 538 animo
1021 476 1184 545 attendite

264 574 419 654 Hecyram
434 572 472 633 td
487 593 543 632 uon
559 574 682 652 refero,
706 577 795 653 quim
811 575 887 635 mihi
902 592 961 656 per
976 574 1146 639 silentium

263 673 434 751 Numquam
455 675 548 750 igere
569 668 735 731 licitumst:
766 674 810 731 ita
835 690 902 732 eam
926 676 1092 753 oppressit
1116 672 1182 736 eila

633 769 732 831 mitae.
1158 785 1184 838 ti

264 869 341 929 Eam
359 866 563 927 cilamitatem
578 869 684 927 ndstra
698 865 914 946 intellegentia
1228 860 1230 867 ’

265 965 410 1043 Sedebit,
432 966 459 1024 si
475 966 536 1024 erit
552 963 685 1024 adiutrix
700 969 825 1023 nostrae
837 964 1021 1027 industriae.

265 1063 364 1140 Quom
379 1063 511 1143 primum
525 1080 592 1122 eam
609 1079 702 1139 agere
718 1062 824 1141 coepi,
843 1060 981 1142 pugilum
997 1061 1116 1146 gldria,

267 1158 463 1237 [Funimbuli
478 1159 587 1220 eodem
602 1159 733 1220 accessit
750 1161 934 1240 expeetitio]

267 1260 421 1320 Comitium
437 1264 625 1336 conuentus,
646 1256 813 1338 strepitus,
835 1255 951 1318 elamor
966 1258 1140 1324 mulierum
1158 1273 1188 1328 et

263 1357 384 1418 Fecere
401 1361 436 1415 ut
451 1361 522 1416 ante
538 1358 659 1435 tempus
677 1356 794 1416 exirem
810 1356 904 1416 foras.

263 1455 382 1517 Vetere
398 1456 431 1512 in
446 1472 526 1513 noua
544 1455 634 1533 coepi
649 1455 696 1513 iuti
712 1452 946 1533 ronauetddine,

263 1552 298 1612 ln
313 1551 502 1632 experiundo
518 1557 552 1610 ut
568 1552 684 1611 essem:
705 1552 811 1612 refero
830 1551 940 1616 denuo.

264 1649 369 1709 Primo
386 1651 457 1708 ictu
472 1645 599 1728 placeo:
623 1667 715 1727 quom
730 1651 852 1709 interea
866 1652 972 1711 rumdr
990 1653 1083 1714 uenit

263 1748 374 1807 Datum
390 1748 430 1806 iri
445 1745 647 1825 gladiatdres,
666 1747 798 1827 populus
816 1746 969 1828 cdnuulat,
1155 1763 1190 1818 ιο

265 1843 506 1906 Tumidtuantur
528 1843 660 1905 elimant
678 1851 816 1925 pugnant
831 1843 870 1906 de
884 1844 971 1907 loco:

263 1944 330 2021 Ego
347 1945 469 2003 interea
484 1961 585 2002 meum
601 1962 662 2001 ιιοιι
677 1942 765 2022 pdtui
780 1946 875 2002 tutari
889 1941 1003 2004 locum.

264 2040 353 2100 Nune
367 2040 459 2098 tdrba
473 2058 535 2097 non
550 2043 615 2097 eat:
635 2038 731 2097 iilum
747 2044 779 2098 et
793 2038 950 2101 ailentium
967 2047 1032 2103 eutr

264 2134 386 2213 Agendi
400 2140 521 2215 tempus
536 2135 611 2194 mihi
626 2132 775 2195 datumst:
795 2138 882 2197 uobis
897 2135 989 2198 datur

263 2233 405 2291 Potestas
426 2230 653 2292 condecortndi
673 2230 764 2292 ludos
783 2234 950 2296 scaenicae.
1154 2253 1186 2304 ιο

263 2329 365 2390 Nolite
380 2331 484 2390 sinere
499 2332 556 2410 per
570 2350 626 2391 uos
643 2338 741 2391 artem
757 2332 902 2394 musicam

263 2428 418 2490 Recidere
434 2426 472 2487 ad
486 2446 616 2508 paucos:
637 2429 730 2490 ficite
746 2436 780 2489 ut
795 2437 900 2489 uestra
917 2432 1090 2495 auctdritn

262 2527 355 2589 Meae
370 2527 546 2588 auctdritati
561 2528 676 2589 fautrix
692 2526 885 2608 adiutrixque
900 2531 950 2589 sit.

264 2625 309 2707 [Si
324 2628 488 2706 nimquam
505 2645 597 2686 auare
610 2628 745 2707 pretium
760 2628 854 2687 statui
869 2631 929 2687 arti
942 2646 1032 2690 meae

262 2727 303 2787 Et
316 2745 385 2786 euru
398 2728 465 2787 eme
479 2732 638 2807 quaestum
648 2729 681 2786 in
692 2727 825 2788 inimum
838 2724 946 2786 induxi
956 2731 1143 2810 mmumum,
1154 2741 1187 2795 50

263 2823 359 2900 Quam
375 2829 513 2884 mixmue
528 2827 649 2886 seruire
664 2827 778 2885 uostris
793 2822 988 2905 cimmodierl

263 2921 363 2982 Sinite
378 2925 537 3002 inpetrare
551 2926 617 3001 me,
639 2925 691 3002 qui
706 2927 739 2982 in
753 2923 883 2985 tuteliru
897 2941 996 2984 meam

223 3074 227 3079 .
263 3017 405 3078 Studiirm
420 3038 507 3079 auom
523 3026 556 3079 et
571 3022 653 3079 sein
668 3024 805 3083 nistram
819 3023 971 3083 commisit
984 3020 1095 3102 fldem,

261 3115 307 3175 Ne
325 3134 395 3176 eum
409 3119 653 3178 circumuentum
669 3119 775 3198 inique
789 3121 889 3200 iniqui
902 3117 1071 3182 inrideant.

260 3215 334 3276 Mea
349 3216 439 3275 carim
455 3235 575 3279 caueam
591 3218 723 3300 accipite
739 3224 772 3279 et
787 3217 859 3279 date
874 3217 1043 3300 silentium,
1153 3230 1186 3284 5⁵

260 3314 304 3377 Vt
317 3312 423 3375 lirbeat
439 3317 579 3378 scribere
594 3315 664 3378 iiiia
678 3319 816 3397 mihique
834 3324 869 3379 ut
884 3316 1006 3379 discere

260 3410 363 3472 Nouia
378 3412 522 3494 expediat
535 3416 663 3496 pdathac
676 3417 778 3497 pretio
798 3421 915 3496 emptis
930 3434 1010 3480 meo.
