2468 4036
104 253 153 306 V2
170 253 284 327 19-32
356 242 544 305 HEAVTON
566 241 857 304 TIMORVMENOS.
1047 246 1109 309 173
1231 254 1233 258 '

185 431 303 508 Victus,
326 428 469 507 uestitds,
494 446 554 506 quc
574 428 607 486 in
630 434 747 487 tectum
769 429 803 487 te
819 435 977 511 receptes,
1001 431 1054 494 Cn.
1070 431 1110 491 Ei
1122 452 1147 492 ιι

557 527 642 587 mihi.

100 631 159 691 Οιι.
188 629 291 689 Sitins
311 636 360 688 est
378 647 468 707 qnam
482 633 515 687 te
535 628 602 706 ipso
622 624 741 686 herede
761 628 839 687 heec
853 626 1017 708 pissidere
1030 629 1108 689 Bic-

560 722 692 785 chidem.
1053 739 1105 793 969

100 828 153 888 Sr.
184 827 335 908 Disperii:
361 825 513 887 scelestus
533 832 662 904 quantes
683 827 791 885 trirbas
812 827 934 886 concidi
956 829 1106 888 insciens!

99 928 153 987 Cr.
181 911 287 987 dmcri
303 927 402 1006 cupid.
425 926 483 986 Gn.
496 924 588 983 Prius
602 942 715 1003 quaero
730 923 826 1003 disce,
842 924 916 1004 qnid
932 928 973 986 sit
987 930 1103 988 ninere.

184 1010 246 1085 ibi
262 1026 352 1103 scies,
372 1025 399 1084 si
415 1021 594 1103 displicebit
607 1027 682 1096 nita,
704 1030 769 1083 tum
784 1024 864 1083 istoc
881 1025 988 1088 sititor.

100 1123 153 1185 Sr.
181 1107 256 1200 lire,
267 1119 409 1182 licetne?
425 1122 482 1182 Οιι.
495 1121 648 1198 qunere.
665 1119 719 1180 Sr.
730 1122 773 1181 At
783 1127 860 1183 tuto.
879 1122 937 1183 Gn.
949 1121 1102 1201 qunerc.
1117 1143 1144 1183 ιι

559 1218 610 1278 Sr.
629 1219 715 1295 Quae
729 1218 820 1279 istest
834 1218 971 1299 prinitar

183 1320 308 1396 Quaene
323 1319 495 1396 ementita,
513 1315 595 1397 quod
610 1317 738 1397 peccaui
753 1317 822 1395 ego,
837 1314 872 1376 id
886 1318 995 1378 obesse
1010 1317 1103 1377 hnic?

555 1417 612 1478 Gn.
628 1400 728 1477 llicet.

181 1517 228 1577 Ne
243 1526 276 1577 te
294 1515 444 1577 admisce:
467 1518 558 1577 nemo
574 1524 706 1595 rccuset,
723 1515 812 1596 Syre,
826 1524 876 1576 te:
897 1535 956 1578 nec
970 1524 1005 1578 tn
1020 1522 1102 1578 crim

392 1631 395 1638 ·
553 1616 610 1675 tihi
1050 1627 1101 1682 975

182 1712 247 1771 Nec
263 1715 459 1793 precatorem
473 1713 603 1792 pararis.
625 1713 679 1772 Sr.
691 1712 772 1790 Quid
790 1715 878 1792 agis?
901 1716 959 1777 Gn.
971 1715 1023 1775 Nil
1035 1735 1101 1776 sns-

555 1812 666 1870 censeo

180 1906 245 1966 Nec
268 1907 325 1967 tibi
346 1925 405 1967 nee
429 1907 503 1966 tibi:
530 1924 589 1966 nec
610 1926 666 1966 uos
688 1914 737 1966 est
757 1907 887 1985 aequom
912 1908 994 1987 qnod
1019 1911 1100 1971 incid

553 2005 638 2065 mihi.

96 2106 148 2166 Sr.
179 2086 287 2163 ribiit?
315 2104 393 2182 neh,
422 2107 548 2183 regisse
570 2100 685 2164 uellem
728 2103 781 2164 cr.
805 2101 908 2180 Qnid‘i
936 2104 989 2170 Sr.
1015 2106 1137 2168 unde2⁶

549 2208 692 2280 peterem
709 2201 785 2261 milri
801 2201 917 2262 cibum:

176 2285 222 2358 lte
237 2318 294 2358 nos
310 2296 464 2359 clieninit.
486 2299 544 2359 tibi
559 2300 619 2359 ism
636 2318 705 2360 esse
721 2297 760 2358 dd
775 2317 914 2361 sorerem
934 2300 1097 2382 intellego.

94 2397 144 2455 Cn.
176 2393 284 2454 Aderin
299 2414 366 2455 rem
380 2393 522 2474 rediisse,
545 2399 580 2457 rit
599 2393 752 2476 periclum
774 2398 867 2457 etiem
887 2401 904 2457 i
923 2399 1004 2459 fame
1022 2400 1096 2459 mihi

549 2496 605 2571 sit,
627 2494 720 2572 Syre!
1045 2507 1097 2561 980

93 2590 146 2649 Sr.
177 2587 273 2648 Modo
294 2586 388 2649 licent
407 2591 532 2668 ninere,
561 2591 609 2649 est
628 2609 699 2670 spes
746 2592 800 2653 cr.
823 2593 931 2668 Quae?
959 2592 1012 2654 Sr'.
1039 2612 1095 2652 nos

550 2689 720 2748 esuritnrds
740 2690 823 2750 satir.

92 2785 145 2845 Gn.
173 2784 294 2845 inrides
315 2786 348 2844 in
367 2805 402 2846 re
423 2788 508 2844 trinta
527 2803 629 2864 neque
648 2804 697 2846 me
713 2789 875 2865 quicquam
893 2785 1021 2847 consilio
1042 2786 1095 2847 id-

548 2886 658 2946 lunas?

91 2982 143 3044 Sr·
172 2983 265 3043 Immo
282 2986 314 3042 et
336 2985 380 3043 ihi
401 3004 481 3043 nnnc
502 3003 566 3043 ιιιιιι
583 2990 615 3043 et
632 2986 729 3064 risque
750 2982 782 3043 id
803 2985 852 3062 egi
867 2983 992 3063 dddnm,
1021 2985 1092 3046 dnm
1105 3003 1130 3042 ιι

544 3081 684 3162 loquitdr
699 3088 804 3163 peter·

173 3179 215 3237 Et
236 3184 381 3309 qnintnm
404 3198 461 3258 ego
477 3178 666 3259 intellegere
681 3199 821 3260 possum,
845 3182 896 3244 Gn.
913 3183 1015 3259 Quid?
1038 3184 1091 3245 Sr

543 3298 606 3339 non
621 3279 722 3338 aberit
734 3276 865 3357 ldngius.

90 3378 143 3437 Cn.
173 3378 253 3452 Quid
267 3378 300 3440 id
314 3380 412 3458 ergo?
446 3380 497 3442 Sr.
513 3379 564 3438 Sic
586 3385 648 3439 est:
670 3381 732 3438 nin
750 3396 818 3438 esse
833 3379 943 3436 horum
958 3385 990 3437 te
1010 3378 1091 3437 irbi-

546 3484 623 3536 trcr.
645 3477 699 3538 Gn.
717 3477 775 3550 Qui
791 3477 882 3552 istrie,
897 3474 999 3552 Syre?
1039 3485 1090 3538 985
