2468 4036
185 185 249 250 222
596 185 774 248 PHORMIO.
1008 193 1059 248 Vit
1077 199 1194 252 14-29

269 372 324 449 Εἰ,
352 370 444 431 uideo
467 391 606 432 uxorem:
634 371 734 451 paene
755 368 826 451 plue
847 390 936 451 quum
957 375 1005 433 eit
1026 381 1106 435 erut,
1133 377 1190 437 Du.

642 469 728 546 Quor
746 466 859 550 nolles,
880 468 1054 532 Chremes?

146 589 172 632 tu
184 569 244 631 Gn.
267 569 328 629 lum
348 569 444 628 recte.
474 568 530 630 Du.
547 565 629 643 Quid
643 567 699 628 tu?
727 565 838 645 ecquid
851 564 973 628 locutus
988 589 1057 629 cum
1070 573 1131 632 istu
1146 590 1191 651 ee,

641 683 731 744 quem
746 664 853 723 obrem
867 664 946 724 hunc
961 662 1124 729 duicimue?

183 763 241 825 cn.
265 763 428 842 Treuuegi.
452 764 509 823 Dc.
524 761 605 839 Quid
622 765 663 822 uit
679 760 826 822 undem?
847 761 905 823 (iu.
921 762 1043 826 Abduci
1056 767 1121 827 ndu
1135 787 1191 848 pu-

637 867 708 922 test.
730 861 786 922 Du.
803 861 863 938 Qui
879 864 941 922 udn
956 865 1085 944 potent?

182 958 242 1022 cn.
265 959 342 1035 Quia
356 961 488 1039 uterque
502 960 657 1038 utriquest
672 957 767 1019 cdrdi.
797 958 853 1020 De,
871 959 951 1036 Quid
966 961 1046 1021 istuc
1059 964 1192 1024 ndetrci

642 1056 699 1116 Gn.
714 1056 835 1134 Magni:
857 1059 983 1136 praeter
996 1059 1076 1118 haec
1107 1080 1113 1089 ·
1139 1070 1193 1124 800

266 1155 435 1236 cognitum
447 1156 584 1236 comperi
597 1157 665 1215 esee
676 1155 775 1214 nobie.
797 1155 853 1215 Du.
867 1153 969 1231 Quid?
984 1152 1110 1219 delirae.
1131 1158 1189 1220 cn.

640 1252 692 1311 Sic
708 1253 786 1312 erit:

264 1351 334 1412 Non
352 1351 472 1411 temere
495 1349 581 1410 dico:
614 1347 697 1408 redii
718 1368 836 1410 mecum
860 1351 894 1410 iu
915 1351 1101 1410 memorium.
1133 1353 1189 1412 Dc.

640 1448 727 1508 Satin
742 1451 832 1509 adnue
848 1448 903 1509 eui

137 1564 164 1607 20
180 1547 238 1608 Ne.
264 1548 312 1607 Au
336 1549 482 1625 dbeecro,
508 1544 581 1605 uide
601 1564 642 1605 ne
666 1546 697 1602 iu
723 1549 882 1624 cognatum
902 1545 1024 1626 pecces.
1046 1546 1104 1606 Du.
1121 1546 1189 1606 Nou

249 1693 253 1700 .
644 1648 701 1703 eet.
725 1642 783 1704 Ge.
797 1642 845 1705 Ne
860 1661 952 1723 nege:

264 1744 365 1804 Patris
379 1745 490 1803 ndmen
509 1739 592 1801 uliud
607 1738 767 1801 dictumst:
782 1740 842 1801 hoc
855 1746 889 1802 tu
903 1740 1025 1805 emisti.
1049 1740 1108 1804 Dc.
1120 1741 1188 1802 Nou

634 1844 725 1899 norit
739 1840 882 1919 patrem?

180 1938 237 2001 Gu.
261 1940 367 2001 Nordt.
396 1940 452 2024 ⁰¹³:
470 1942 554 2017 Quor
570 1935 652 1999 aliud
668 1935 768 1997 dixit?
791 1937 848 1999 ΟΠ.
865 1937 1077 2017 Numquamne
1093 1938 1188 1999 hddie

637 2033 791 2095 concedes
810 2036 885 2094 mihi
1136 2047 1185 2102 805

262 2136 370 2215 Neque
384 2131 573 2212 intelleges?
594 2133 652 2193 De.
669 2133 701 2192 st
717 2135 752 2193 tui
766 2133 812 2193 nil
826 2135 956 2194 narraui
979 2134 1038 2196 Gn.
1052 2134 1187 2214 Pergis?

633 2231 692 2292 Nu.
707 2232 810 2292 Miror
825 2230 899 2310 quid
914 2232 983 2291 siet.

177 2329 234 2390 Dc.
260 2328 414 2409 Equidem
424 2327 534 2390 hercle
545 2330 659 2390 nescit.
682 2328 812 2390 Omi'iu
823 2329 927 2390 scire?
947 2335 978 2389 ut
993 2331 1037 2389 itu
1053 2349 1106 2390 me
1120 2349 1184 2391 eer-

632 2434 687 2487 uct
701 2428 852 2508 lippiter‚

138 2549 164 2592 tc
260 2527 304 2590 Vt
318 2529 445 2609 prdpior
460 2526 524 2606 illi,
550 2546 639 2607 quam
656 2527 713 2604 ego
732 2544 798 2584 eum
813 2545 847 2585 ec
863 2531 912 2603 tu,
936 2526 1028 2584 homo
1051 2527 1183 2586 nemost
1228 2582 1230 2587 .

632 2624 688 2686 De.
703 2623 742 2684 Di
758 2628 893 2683 uostrdm
909 2620 1021 2683 iidem:

260 2725 371 2784 Etmus
386 2722 424 2782 ud
438 2724 551 2804 ipsam:
574 2743 633 2783 une
648 2722 746 2784 (imnis
759 2741 816 2780 nce
832 2728 884 2781 cut
898 2721 977 2780 scire
994 2726 1046 2780 eut
1060 2722 1183 2782 nescire

633 2822 692 2880 hdc
708 2818 790 2880 uulu.
813 2819 870 2879 Gn.
886 2819 944 2877 Ah.

176 2919 233 2981 Dc.
263 2918 343 2999 Quid
359 2920 429 2980 eet?
451 2919 508 2980 Cu.
527 2920 592 2979 Itan
607 2939 733 2999 paruam
747 2898 828 2978 mihi
840 2917 934 2977 fidem
950 2933 1019 2976 esee
1036 2915 1121 2997 epuid
1137 2918 1182 2977 te!

559 3058 562 3066 ·
632 3017 688 3076 Du.
705 3016 768 3077 Vin
783 3035 832 3075 me
847 3013 1000 3075 credere?
1132 3025 1183 3080 810

261 3111 322 3172 Vin
339 3111 413 3171 sitis
429 3113 599 3190 quaesitum
618 3113 660 3172 mi
677 3116 756 3174 istuc
772 3114 865 3173 eusci
894 3131 966 3192 ege,
987 3112 1054 3173 fiut.
1085 3110 1181 3193 quid?

630 3208 686 3270 illa
701 3210 767 3271 issiu

261 3308 360 3369 Amici
380 3309 477 3368 nostri
501 3307 574 3387 quid
594 3309 783 3370 futurumst?
810 3309 869 3370 Gn.
886 3310 993 3369 Recte.
1018 3308 1078 3370 De.
1095 3310 1182 3370 Hauc

628 3413 723 3491 igitur
738 3406 907 3467 mittimus?
