2468 4036
100 271 149 325 113
165 273 279 326 31—54
505 265 683 326 PHORtsso.
954 322 958 329 .
1028 266 1091 330 001
1187 253 1189 257 ’

180 431 383 511 Adulescens,
400 434 533 512 primum
547 435 600 495 ahs
617 439 649 493 te
665 434 723 493 hoo
740 434 819 493 bonu
836 433 928 494 uenit
944 439 1029 514 peto,

180 532 214 591 Si
227 532 286 592 tibi
301 529 426 611 placere
440 533 522 611 potis
537 538 595 609 est,
614 534 656 591 mi
671 537 705 592 ut
718 530 922 612 respondens:

182 633 278 708 Quem
289 632 419 690 amicum
428 634 513 688 tuom
525 630 569 688 eis
579 629 674 689 fuisse
684 630 787 707 istum,
800 627 928 710 explent
938 628 1025 707 mihi,
1039 637 1091 693 380

179 726 221 785 nt
235 729 288 804 qui
303 731 464 803 cognatum
479 727 529 785 me
546 726 606 786 sibi
620 744 689 785 esse
703 725 831 788 diceret.

96 825 153 887 Pu.
180 822 317 884 Proinde
340 825 499 904 expiscere
521 823 607 901 quisi
633 841 696 882 non
718 841 833 886 nosses.
861 824 917 887 Dn.
940 823 1091 884 Nossemi
1104 836 1130 881 to

542 921 600 981 Pu.
617 921 672 982 ltu

95 1018 151 1080 De.
179 1019 244 1096 ligo
259 1018 309 1078 me
324 1037 419 1096 nego:
439 1024 473 1078 tu
489 1019 541 1098 qni
554 1019 598 1077 eis
612 1015 720 1095 redige
736 1018 769 1076 in
784 1017 971 1078 memorium.

94 1114 152 1177 ΡΗ.
181 1116 249 1175 Eho
264 1121 309 1193 tu,
321 1116 482 1176 sobrinum
496 1116 581 1175 tudm
595 1133 658 1190 non
672 1115 786 1174 noros?
808 1113 863 1175 Dn.
878 1098 999 1174 Enicas.

179 1211 235 1272 Dic
256 1214 375 1275 nomen.
408 1213 466 1276 Pu.
488 1211 631 1273 Nomen?
651 1213 798 1274 mtxume.
826 1211 882 1272 Dn.
909 1209 991 1289 Quid
1009 1211 1091 1269 minc

540 1310 647 1371 taces?
881 1387 884 1394 =
1040 1317 1091 1371 385

94 1408 151 1471 ΡΗ,
179 1408 265 1469 Perii
277 1409 395 1488 hercle,
409 1429 523 1470 nomen
532 1408 665 1490 perdidi
686 1409 741 1471 lin.
755 1407 845 1485 Hem,
861 1395 1017 1485 quiduis?
1032 1404 1089 1466 Pu.

540 1509 630 1584 (leto,

179 1604 213 1662 Si
225 1603 393 1662 meministi
405 1602 440 1662 id
458 1603 541 1681 quod
556 1603 629 1663 olim
646 1602 801 1681 dictumst,
817 1602 932 1663 subice.
950 1602 1033 1679 hem,
1106 1615 1132 1658 to

178 1698 248 1756 Non
262 1696 345 1756 dieo:
368 1699 454 1775 quusi
468 1716 531 1755 non
546 1700 642 1774 noris,
657 1703 840 1777 temptatum
854 1697 990 1758 iduenis.

96 1797 151 1856 Dn.
180 1795 288 1872 Egone
308 1794 409 1853 sdtem
431 1794 572 1874 tempto?
600 1795 656 1856 Gn.
673 1792 783 1874 Stilpo.
815 1794 872 1857 Ρη.
890 1795 993 1873 Atque
1015 1794 1091 1854 odeo

545 1891 620 1970 quid
634 1892 723 1951 meai

180 1987 317 2068 Stilpost.
340 1990 397 2051 lin.
412 1993 510 2069 Quem
526 1988 625 2050 dixti?
640 1990 698 2052 Pu.
712 1986 886 2069 Stilponem
899 1988 1024 2066 inquom
1037 1990 1092 2047 no-

542 2089 641 2151 uerus.
1041 2096 1094 2150 390
1167 2133 1168 2137 ,

94 2185 149 2249 Dn.
176 2184 282 2265 Neque
301 2187 357 2264 e‘go
371 2185 461 2248 illum
476 2207 583 2248 norum
597 2189 699 2266 neque
714 2188 756 2247 mi
772 2187 919 2265 cognatus
933 2184 995 2246 fuit

178 2285 344 2363 Quisquam
363 2288 442 2345 istoo
461 2285 594 2347 nomine.
627 2285 685 2347 ΡΗ.
706 2270 817 2344 lione?
842 2303 905 2343 non
925 2288 958 2343 te
980 2282 1091 2343 horsim
1104 2299 1129 2340 to

539 2381 660 2462 pudet?

177 2480 218 2538 At
234 2482 261 2538 si
273 2477 424 2539 talentum
439 2481 505 2539 rem
518 2478 701 2559 reliquisset
716 2478 834 2555 decem,

92 2579 147 2639 De.
174 2578 213 2636 Di
227 2577 285 2637 tibi
298 2575 378 2636 mole
391 2577 515 2638 fuciunt.
536 2578 594 2639 Pn.
610 2581 727 2657 primns
743 2595 828 2638 esses
844 2575 1023 2636 memoriter

175 2677 360 2755 Progeniem
382 2683 517 2736 nostrum
537 2694 635 2754 usque
657 2677 694 2736 db
715 2695 772 2736 uuo
794 2681 885 2752 etque
909 2679 997 2734 otono
1018 2676 1091 2754 pro·

544 2775 658 2837 ferens.
1040 2783 1090 2837 395

91 2877 147 2937 Dn.
173 2875 218 2934 ltu
233 2880 268 2933 ut
283 2873 369 2936 diois.
393 2892 450 2953 ego
466 2881 530 2935 tum
545 2893 636 2953 quom
652 2871 856 2957 tduenissem,
875 2876 929 2952 qui
941 2873 1018 2933 mihi

176 2974 313 3049 Cognita
327 2991 365 3032 eo
379 2978 473 3050 esset,
489 2971 640 3033 dicerem:
663 2969 771 3032 itidem
786 2971 820 3031 tu
835 2971 918 3031 tuoe:
1103 2983 1129 3025 so

176 3068 262 3130 Cedo
284 3071 336 3147 qui
359 3074 408 3131 est
427 3072 578 3149 cognatu?
607 3071 664 3133 Gn.
679 3069 727 3130 Eu
749 3071 872 3148 noster,
890 3076 993 3133 reeter
1013 3068 1090 3128 heus

544 3172 590 3248 oi,
606 3189 690 3231 ouue.

90 3265 147 3328 Pu.
174 3263 318 3326 Biluoide
334 3264 478 3346 expedlui
494 3268 604 3346 quibus
619 3285 669 3326 me
684 3265 822 3345 oportuit

174 3361 344 3423 iudicibus:
365 3369 431 3423 tum
443 3362 478 3423 id
492 3364 519 3424 si
532 3360 642 3422 fulsum
658 3363 771 3438 lueret,
787 3357 873 3419 filius
1038 3367 1090 3422 too

181 3463 261 3538 Quor
275 3462 337 3519 non
351 3457 494 3519 refellit?
512 3459 569 3521 lin.
586 3459 700 3520 Filium
714 3462 821 3519 nuruis
834 3457 932 3518 mihit
