2468 4036
135 253 196 317 140
379 250 566 313 flusvnon
587 248 876 314 Tmonvnunos.
952 257 1005 315 113
1021 262 1138 315 41-69

216 436 292 497 Nam
308 454 344 496 es
357 437 411 496 uos
429 434 517 496 dedit
530 441 594 495 tum
608 434 812 494 existumondi
830 437 948 517 cdpism

217 533 398 595 Cotidianoc
413 535 495 594 uitae
511 533 776 614 consuetddinem,

218 635 303 712 Quae
319 633 489 712 quoiusque
503 634 660 711 ingenium
673 639 708 693 ut
725 637 766 692 sit
780 631 920 694 declarat
935 638 1083 696 minume.

217 731 389 792 Texentem
403 729 498 791 telum
513 730 652 791 studiose
668 732 765 811 ipsum
779 730 974 811 offendimus,
1085 742 1136 798 285

216 829 424 892 Mediocriter
441 832 585 888 uestitum
598 833 687 888 ueste
700 828 826 906 lugubri

219 921 315 1012 (Eius
331 929 417 989 tuuis
432 945 522 987 ceusu
537 928 647 1006 opinor
661 945 739 1005 quoe
754 933 822 985 erut
835 921 977 1014 mdrtuo]

218 1032 293 1093 Sine
307 1032 397 1091 miro:
419 1035 484 1089 tum
499 1034 637 1087 ornatum
650 1029 694 1086 its
707 1028 752 1087 uti
769 1045 847 1106 quoe
862 1029 1013 1088 ornentur
1028 1027 1098 1107 sibi,

216 1129 307 1193 Nulli
320 1129 400 1191 mslc
413 1147 451 1189 rc
465 1146 534 1188 csse
553 1125 717 1207 expolitum
730 1110 879 1186 muliebri

419 1246 438 1279 ἱ
613 1243 633 1276 *1*
806 1242 826 1277 ἦ
1001 1243 1019 1276 ¹}

218 1326 355 1409 Capillus
372 1344 480 1407 possus
495 1323 614 1404 prdlixc
631 1330 660 1382 ct
674 1323 790 1382 circdm
806 1332 896 1404 caput
1086 1333 1138 1388 290

215 1426 362 1487 Reiectus
376 1420 590 1502 neglegenter,
611 1439 678 1501 pox.
707 1421 796 1482 Οιιιι.
810 1421 890 1502 Syre
905 1424 957 1501 mi,
976 1424 1118 1501 obsecro,

217 1524 264 1584 Nc
279 1541 328 1582 mc
344 1525 376 1581 in
391 1518 541 1580 laetitiam
554 1520 673 1579 frustm
688 1519 831 1578 conicito.
853 1519 907 1580 Su.
922 1520 1007 1580 Anus

219 1621 388 1682 Subtemen
405 1618 514 1678 nebit:
535 1615 700 1696 praetereo
713 1633 774 1674 unu
789 1614 936 1676 ancillula

216 1721 311 1794 Erot3
333 1718 368 1778 ds
382 1717 508 1777 texebat
524 1716 594 1792 sino,
615 1714 724 1794 pennis
741 1716 850 1793 dbsits,

215 1814 389 1896 Neglects‚
425 1811 572 1873 inmundo
597 1809 726 1872 inluuie.
780 1813 865 1875 (inm.
889 1813 922 1874 Si
948 1815 1026 1874 hoec
1054 1818 1137 1891 sunt,

590 1908 701 1987 Clinia,
1086 1921 1136 1977 295

216 2012 311 2091 Vero,
332 2014 376 2071 its
391 2011 437 2069 uti
452 2007 558 2086 credo,
580 2011 647 2087 quis
661 2014 725 2068 test
738 2009 949 2070 fortunttiori

218 2110 293 2171 Scin
307 2109 386 2168 htnc
402 2126 492 2187 quom
507 2105 584 2165 dicit
599 2104 786 2166 sordidatum
803 2112 836 2167 et
850 2106 1027 2167 sdrdidum?

217 2206 364 2283 Magnum
378 2205 438 2264 hoc
456 2221 579 2283 quoquc
596 2204 762 2283 signumst,
785 2204 938 2265 dominam
959 2223 1030 2266 esse
1050 2210 1139 2267 extro

581 2303 711 2380 noxiam,

217 2402 315 2479 Quom
330 2401 397 2460 ciuis
411 2405 474 2460 tom
488 2396 696 2479 negleguntur
710 2401 906 2461 internuntii.

214 2500 291 2561 Nom
306 2497 499 2581 disciplinsst
514 2504 571 2580 eis,
593 2499 826 2560 demuneririer
1085 2511 1139 2564 300

92 2624 117 2665 oo
215 2597 354 2661 Ancillas
367 2600 511 2680 primum,
533 2599 571 2659 od
587 2599 725 2661 dominus
741 2601 792 2680 qui
808 2598 965 2660 odiectdnt
978 2601 1068 2659 uiam.

132 2701 219 2763 cusu.
241 2701 354 2779 Perge,
376 2701 505 2760 obsecro
522 2705 571 2772 te,
593 2705 627 2761 et
640 2703 715 2760 ciue
728 2717 769 2759 ne
783 2695 892 2758 fulsum
909 2700 1038 2776 gritiom
1058 2748 1060 2751 .

216 2797 347 2858 Studets
360 2799 451 2858 inire.
472 2796 546 2877 quid
561 2801 614 2876 uit,
633 2799 686 2858 ubi
699 2815 749 2856 mc
763 2796 925 2856 ndminos'l

132 2897 185 2958 Su.
214 2897 277 2959 Vbi
292 2895 421 2956 dicimus
437 2895 560 2957 redisse
573 2901 606 2955 te
621 2901 654 2956 et
667 2898 779 2975 rogtre
793 2898 837 2956 uti

214 2994 346 3055 Veniret
361 2992 400 3052 sd
413 2999 457 3071 te,
479 2992 591 3053 muilier
605 2993 698 3053 telem
712 2992 827 3054 desinit
1084 3006 1137 3060 305

89 3113 114 3154 oo
214 3091 368 3151 Continuo
385 3097 417 3150 et
431 3088 576 3150 lacrumis
594 3090 702 3171 opplet
716 3111 750 3152 os
763 3092 863 3153 totuim
877 3092 947 3169 sibi,

212 3187 256 3250 Vt
270 3183 363 3246 fdcile
379 3188 476 3248 scires
491 3186 648 3248 desiderio
663 3188 696 3249 id
710 3190 793 3252 fieri.

128 3285 215 3347 Cum.
238 3285 318 3345 Prae
334 3283 462 3363 gsiidio,
483 3286 527 3346 ito
544 3285 641 3346 medi
657 3294 769 3367 ament,
790 3287 844 3348 ubi
858 3288 914 3347 sim
928 3287 1052 3347 nescio:

210 3383 256 3443 ltu
269 3384 367 3443 timui.
397 3383 481 3444 Cum.
498 3385 540 3443 At
554 3402 612 3463 ego
629 3383 675 3444 nil
688 3386 757 3445 csse
773 3386 898 3463 scibam,
921 3382 1030 3446 Clinia.

211 3479 365 3558 Agedum
377 3481 524 3560 uicissim,
545 3481 635 3561 Syre,
657 3481 707 3542 dic
722 3500 801 3561 quse
815 3481 902 3544 illust
918 3479 1042 3544 tlterui
1085 3494 1138 3548 310
