2468 4036
91 249 297 306 naue-415
497 247 675 310 PHORMIO.
1023 249 1084 313 20³

173 425 358 487 Dissimulet.
379 427 436 488 Ga.
451 427 537 487 Bene
553 429 668 488 habent
682 430 740 488 tibi
752 431 914 512 principia.
934 432 994 492 Pu.
1006 431 1086 507 Quin

536 524 619 603 quod
637 533 684 586 est

171 619 349 681 Ferimdum
365 622 454 682 iem?
475 623 536 681 tuia
551 621 674 700 dignum
689 624 780 684 factis
796 624 921 704 feeerit,
1034 633 1086 688 430

172 717 216 776 Vt
231 718 318 776 amici
333 719 416 777 inter
431 738 487 777 nos
502 721 603 780 aimus.
625 718 683 778 Du.
696 719 785 798 Egon
798 728 881 781 tuum
898 724 1036 803 expetam

171 814 367 874 Amicitiam?
389 822 441 876 aut
453 822 487 875 te
501 817 599 875 uiuum
613 820 666 876 aut
680 815 816 877 auditiam
831 815 947 877 uelim?
1097 821 1122 861 ⁸⁵

88 913 145 973 Pu.
172 912 207 971 Si
221 912 421 985 edueordabia
437 920 504 973 eum
520 911 584 990 ssla,
597 912 726 973 habebis
741 914 819 992 quae
833 920 915 974 tuam

172 1007 371 1068 Seneetitem
385 1007 535 1068 oblectet:
557 1008 679 1088 respice
693 1011 827 1070 aetutem
841 1016 936 1070 tuam.

88 1109 143 1169 Da.
168 1108 216 1167 Te
236 1105 388 1167 oblectet:
414 1107 472 1167 tibi
494 1108 582 1166 habe.
613 1107 1001 1168 Pn.M1nueueroiram.
1027 1107 1082 1168 Bn.

539 1207 607 1266 Ηόο
623 1225 687 1285 age.
1033 1215 1083 1270 435

172 1304 252 1364 Satin
266 1306 327 1364 iim
341 1305 552 1364 uerborumst:
570 1305 631 1364 uiui
643 1310 679 1364 tu
691 1323 841 1384 properea
855 1302 1018 1365 miliarem

170 1402 346 1482 Abdaioere‚
366 1421 424 1480 ego
440 1401 525 1462 illam
541 1393 668 1463 eiciam:
691 1401 764 1483 dini,
782 1403 937 1463 Phdrmiu.
1097 1405 1122 1446 ⁰⁰

87 1502 143 1560 Pu.
172 1500 205 1560 Si
221 1506 256 1561 tu
271 1499 355 1560 illam
370 1501 509 1579 attigeris
525 1500 613 1561 secus
629 1519 718 1580 quam
734 1499 890 1579 dignumst
902 1498 1042 1577 liberam,

170 1597 274 1656 Dicam
289 1598 348 1657 tibi
361 1597 516 1676 inpingam
532 1595 694 1674 grindem:
717 1593 789 1674 dixi,
805 1594 964 1675 Demipho.

171 1691 280 1772 Siquid
292 1711 368 1770 apua
378 1692 484 1770 fuerit,
499 1692 587 1770 heus,
603 1692 693 1752 domo
705 1711 764 1751 me.
781 1692 839 1752 Ga.
856 1689 1017 1769 Intellego.
1032 1699 1084 1752 440

114 1860 303 1919 unauna.
339 1857 454 1918 Guun.
490 1856 631 1918 Huauo.
670 1858 881 1927 (lanuinus.
923 1856 1053 1917 Gnuuo.

87 1987 141 2046 Dn.
169 1988 287 2063 Quanti
301 2003 350 2046 me
366 2003 438 2044 cura
455 1990 488 2044 et
503 1981 711 2044 adllieitndine
726 1981 831 2043 adficit
1078 1983 1106 2035 11
1120 1988 1137 2036 4

170 2084 298 2161 Gnatum,
311 2083 372 2162 ¹qu'i
388 2102 437 2143 me
452 2087 484 2142 et
499 2101 534 2142 ae
548 2083 634 2142 hisee
650 2080 803 2161 inpediuit
817 2082 949 2161 nuiptiia!

169 2181 276 2259 Neque
292 2183 333 2239 mi
348 2184 378 2239 in
395 2187 592 2260 conspectum
605 2180 721 2260 prddit,
742 2185 778 2239 ut
791 2178 901 2240 saltem
921 2180 1023 2256 aciem,
1133 2176 1135 2180 ⁴

171 2275 250 2349 Quid
267 2274 377 2334 dehic
391 2294 427 2334 re
441 2276 523 2335 dieat
542 2274 654 2354 quIdue
672 2276 713 2335 sit
728 2275 910 2336 sententiae.

170 2372 240 2448 Abi,
262 2374 327 2429 uiae
342 2369 513 2431 redieritne
528 2373 588 2430 iam
604 2390 643 2430 an
657 2389 717 2429 non
735 2370 807 2431 daim
821 2370 950 2432 domum.
1032 2379 1083 2434 445
1096 2383 1108 2422 ⁶

88 2468 144 2527 Gn.
171 2467 227 2526 Εό.
249 2467 304 2526 Da.
321 2466 443 2527 Videtis
459 2487 519 2544 qua
535 2469 567 2525 in
580 2463 651 2526 loeo
667 2485 718 2526 res
732 2467 809 2527 hade
825 2469 898 2528 siet:
1073 2502 1077 2509 ·

170 2563 252 2639 Quid
267 2564 347 2641 iga?
367 2563 426 2641 die,
442 2562 553 2640 Hegio.
581 2562 641 2624 Ha.
656 2546 745 2639 Ego?
767 2564 925 2623 Cratinum
940 2563 1062 2639 censeo,

171 2663 204 2721 si
218 2661 275 2720 tibi
291 2659 423 2721 uidetur.
442 2661 498 2722 Du.
514 2660 582 2738 Die,
597 2657 732 2719 Oratine.
756 2660 833 2721 Gna,
850 2660 1029 2720 Menenia?

86 2761 141 2821 Du.
162 2761 219 2822 Te.
237 2761 313 2820 Can.
332 2760 398 2837 Ego
415 2778 493 2837 qnae
508 2761 541 2817 in
555 2775 623 2819 rem
637 2763 719 2816 tuam
736 2758 798 2817 sint
815 2758 850 2816 ea
865 2756 959 2817 uelim
973 2759 1083 2818 suciis:

535 2855 610 2914 mihi

169 2953 220 3013 Sic
235 2955 293 3013 hdc
308 2952 448 3013 uidetur:
470 2951 552 3030 qudd
566 2958 598 3011 te
613 2953 741 3012 absente
757 2953 808 3011 hie
822 2950 907 3012 filius
1030 2962 1120 3018 45010

166 3053 249 3130 ugit,
264 3052 388 3113 restitui
401 3053 435 3111 in
451 3053 605 3130 integrum
621 3058 780 3130 aequomat
798 3052 830 3110 et
844 3051 974 3111 bonum:

167 3151 208 3211 Et
222 3149 255 3210 id
271 3152 449 3231 inpetratis.
471 3149 541 3211 dixi.
563 3151 619 3210 Da.
634 3150 797 3228 Dianam,
814 3150 922 3229 Hegio.
1052 3204 1053 3209 ,

85 3250 143 3312 Hn.
168 3251 235 3328 Ego
253 3248 361 3309 sedulo
377 3251 458 3310 hunc
476 3250 589 3310 dinnao
605 3249 715 3310 eredo:
737 3251 844 3309 uerum
858 3250 942 3325 itaut,

169 3352 250 3427 Quot
262 3348 402 3407 hdminea
416 3353 464 3408 tot
481 3346 669 3406 sententiaez
691 3365 761 3407 anua
777 3348 910 3424 quoique
924 3361 997 3404 moa.

168 3445 247 3504 Mihi
263 3447 326 3504 nin
340 3442 464 3504 uidetur
479 3442 562 3523 qudd
576 3444 617 3501 alt
630 3441 745 3505 fautum
757 3439 879 3518 legibus
1030 3445 1082 3500 455
1095 3445 1121 3489 ¹⁸
