2468 4036
60 241 254 294 nmo-27
425 236 713 301 EVNVOHVS.
1019 239 1058 304 87

142 408 231 485 Quod
245 409 311 468 eam
324 424 374 467 me
389 425 490 466 amare
502 405 706 485 adspicataat‘i
733 406 792 466 Gn.
813 404 863 466 Nil
878 408 985 470 minna.
1009 418 1060 474 435
1077 418 1104 462 ιι

140 506 234 566 Immo
248 506 325 584 adge
335 504 431 581 magia
443 502 652 582 suspitionem.
675 502 734 564 Tn.
747 504 855 579 Quor?
871 505 929 565 Gn.
938 505 1061 584 Rogant

143 602 232 679 Scin,
255 599 404 680 siquando
426 598 482 659 illa
502 599 690 658 montionem
713 598 885 660 Phaedriae

141 698 230 759 Facit
251 699 304 758 adt
325 695 492 774 dinudat,
522 701 554 756 te
576 697 611 755 ot
631 694 712 756 male
734 698 826 756 urat?
859 698 920 758 Tu.
944 699 1061 760 Sdntio.

58 796 119 856 Gn.
144 792 180 854 id
200 797 235 855 ait
253 813 294 854 ne
316 795 386 872 fiat,
407 794 483 854 hado
504 811 555 853 res
578 790 674 853 aolast
694 794 843 854 remedio.

141 894 204 955 Vbi
223 894 393 953 ndminabit
413 889 615 969 Phaedriam,
636 898 670 950 tu
690 892 882 972 Pamphilam
1010 903 1063 957 440
1080 917 1106 958 oo

145 992 309 1052 Continuo.
336 989 484 1069 aiquando
504 988 560 1049 illa
579 989 663 1049 dicet
685 988 880 1050 ‘Phae'driam

141 1089 399 1149 intromittamus
422 1089 673 1148 commissatnm':
701 1087 890 1168 Ptmphilam

145 1187 307 1248 Cantatum
327 1189 541 1267 prouocemus.
571 1187 598 1246 si
619 1183 757 1246 laudabit
776 1189 853 1246 haee

142 1282 229 1346 illins
251 1287 397 1346 formam:
419 1291 453 1345 tu
474 1286 564 1345 hdiua
586 1290 702 1344 contra.
736 1283 869 1363 dduique

142 1382 204 1442 Par
224 1386 282 1463 prd
304 1385 372 1464 pari
393 1384 529 1462 referto,
553 1382 635 1462 quod
657 1401 724 1442 eam
745 1381 894 1443 mordeat.
1011 1390 1062 1445 445
1080 1401 1105 1442 oo

58 1478 114 1542 Tu.
147 1480 306 1561 Siquiddm
326 1501 376 1542 me
394 1489 525 1561 amaret,
546 1487 611 1542 tum
631 1484 709 1542 {stuc
729 1479 909 1563 prodeam,
930 1480 1062 1540 Gnatho.

60 1576 119 1638 Gn.
144 1577 272 1654 Quando
297 1577 374 1638 illud
399 1579 481 1658 qnod
502 1585 537 1638 tu
560 1578 612 1638 dia
634 1583 777 1659 expectat
797 1582 889 1657 aitque
911 1583 1000 1656 amat,

143 1675 205 1734 lam
227 1674 341 1735 dudum
361 1681 395 1736 te
416 1681 510 1735 amat:
531 1677 591 1736 idm
615 1672 727 1734 dudum
747 1673 795 1734 illi
814 1674 906 1736 focile
927 1675 963 1733 flt

145 1770 234 1846 Quod
251 1770 370 1833 doleat:
392 1773 502 1832 metuit
523 1772 666 1851 semper,
684 1791 774 1851 quem
795 1772 861 1851 ipsa
881 1773 963 1831 mino
983 1769 1065 1850 capit

143 1869 309 1948 Fructum,
331 1869 494 1950 nequando
515 1871 612 1930 irttus
633 1876 667 1928 tu
689 1869 749 1929 alio
771 1870 921 1929 conferas.
1011 1875 1064 1929 450
1081 1880 1108 1923 ιι

60 1967 121 2026 Τιι.
143 1967 228 2028 Bene
251 1967 344 2029 dixti:
377 1989 411 2029 ao
432 1970 508 2030 mihi
528 1971 607 2029 iatnc
628 1971 691 2028 non
717 1969 749 2026 in
772 1975 906 2028 mentem
927 1967 1064 2026 utnerat.

60 2065 119 2125 Gn.
139 2065 328 2127 Ridiculum!
352 2087 414 2127 non
435 2068 516 2128 enim
537 2068 703 2146 cogitaras:
732 2068 869 2127 ceterum

145 2163 229 2225 Idem
251 2167 311 2226 hoa
332 2167 401 2227 taite
421 2165 532 2226 melius
549 2169 662 2245 qnduto
676 2166 863 2244 inominata,
887 2163 1023 2224 Thraso!

146 2331 284 2393 Tum.
330 2333 497 2394 Tnuaao.
546 2332 749 2393 Panunno.
799 2333 975 2393 Gunnuo.

474 2431 660 2491 Pnunlaa.

61 2554 122 2614 Tn.
145 2554 262 2618 Audite
284 2576 393 2619 nocem
413 2561 479 2618 nisa
501 2577 566 2617 aum
589 2555 679 2617 modo
704 2556 819 2616 militia.
1076 2559 1136 2609 1112
1198 2581 1200 2586 ’

145 2655 248 2734 Atque
278 2657 392 2716 docum.
426 2654 528 2732 salue,
558 2658 600 2714 mi
627 2655 756 2714 Tlaraao.
801 2653 883 2715 Τιιιι.
912 2652 938 2711 0
966 2643 1065 2711 Thais

517 2771 595 2829 mea,
1013 2756 1066 2810 455

146 2849 252 2911 Meum
275 2853 407 2928 minium,
431 2848 504 2929 quid
525 2849 648 2929 dgitnr?
671 2845 783 2926 ecquid
803 2849 860 2907 no·
882 2866 962 2907 amaa

145 2949 190 3009 De
213 2948 341 3009 fidicina
365 2950 464 3009 tatae?
505 2949 563 3010 Pe.
591 2950 687 3025 Qntm
708 2952 853 3006 uenuste:
876 2944 959 3025 quod
981 2943 1068 3006 dedit

145 3047 334 3128 Principium
363 3047 546 3109 adueniens!
588 3047 649 3108 Tn.
675 3044 846 3107 Plio-imum
871 3047 982 3106 merito
1003 3051 1065 3105 tuo.
1086 3065 1099 3110 ι

61 3143 120 3205 Gn.
144 3145 255 3204 Etmna
284 3162 358 3222 ergo
389 3143 428 3204 ad
452 3147 573 3205 eduam:
602 3142 678 3224 quid
705 3145 790 3204 stan?
838 3145 893 3205 Pa.
923 3143 1003 3202 Hem
1026 3140 1069 3200 dl-

145 3338 193 3400 nx
211 3340 335 3400 homine
357 3341 439 3401 huno
457 3252 690 3401 natnddrddldda?
735 3338 816 3398 Τιιιι.
840 3337 986 3411 Votuin,
1007 3336 1069 3394 ndu

533 3458 646 3499 moror.
1016 3439 1070 3494 400
