2468 4036
180 251 221 313 98
538 243 825 308 uvrivclivs.
1020 245 1191 298 ivae-aa

270 420 314 479 Vt
336 437 394 497 ego
410 418 560 497 unguibus
578 413 671 474 facile
691 411 740 472 illi
759 413 794 472 in
816 409 922 471 oeulos
933 392 1077 472 ¹inuelem
1096 415 1192 474 uend-

616 511 714 570 iieo!
1181 548 1183 552 -

186 611 243 673 Pu.
270 613 381 673 Nescio
399 609 472 691 quid
485 610 627 691 proiecto
646 610 773 668 absente
790 607 879 666 udbis
898 607 1085 668 turbatimst
1099 606 1191 669 domi.

270 709 380 771 Adibo.
416 708 490 789 quid
509 709 613 769 istuc?
641 704 715 786 quid
734 705 884 765 festinas?
913 707 965 766 ait
986 725 1076 784 quem
1097 724 1192 786 quae-

642 805 701 881 ris,
721 801 870 880 Pythias?
1138 812 1193 866 650

187 904 242 963 Pu.
273 904 372 963 Ehem
392 901 560 980 Phaedria,
588 920 644 980 ego
666 919 755 980 quem
777 898 942 977 quadram?
969 901 1013 959 iu’
1035 899 1108 960 hinc
1130 918 1191 980 quo

643 997 761 1076 dignu's
780 1016 847 1057 cum
867 995 956 1056 donis
977 997 1038 1056 tuis

148 1113 170 1152 ιο
275 1097 351 1156 Tum
371 1095 507 1177 lepidis?
545 1096 603 1155 Pu.
625 1093 706 1172 Quid
726 1097 806 1154 istuc
828 1093 876 1154 est
896 1094 966 1153 rei?

187 1197 239 1254 Pu.
270 1195 370 1273 Rogts
392 1196 464 1255 mei
486 1194 655 1255 eunuchum
671 1195 761 1271 quem
784 1190 898 1252 dedisti
918 1193 1007 1252 ndbis
1029 1211 1103 1271 quus
1124 1199 1192 1253 tur-

644 1293 696 1349 bis
718 1288 819 1349 dedit!

272 1387 447 1464 Virginem,
470 1382 552 1446 era?
566 1406 652 1463 quum
676 1385 756 1445 ddno
776 1384 907 1445 dederat
926 1384 1031 1464 miles,
1058 1386 1189 1447 uitiauit.

638 1484 695 1542 Pu.
719 1480 800 1558 Quid
819 1482 884 1542 uisi

187 1580 242 1637 Pu.
270 1577 365 1640 Perii.
415 1580 472 1638 Pu.
493 1577 711 1640 Temulenta‘s.
759 1579 814 1638 Pu.
838 1579 961 1639 Vtinam
986 1580 1030 1638 sie
1050 1579 1112 1638 siut
1137 1580 1190 1657 qui

640 1678 715 1737 mihi
735 1676 814 1737 mile
835 1675 951 1736 uolunt.
1137 1685 1189 1740 666

186 1774 243 1833 Do.
273 1775 321 1834 Au
348 1775 494 1854 dbseero,
523 1795 590 1836 mea
615 1778 759 1857 Pythius,
792 1774 875 1855 quod
900 1778 979 1836 istuc
1007 1795 1077 1835 uam
1103 1795 1190 1835 mou·

635 1876 733 1934 strrim
753 1872 836 1937 fuit?

144 1980 168 2020 1⁶
186 1965 242 2027 Pu.
271 1967 403 2027 iusiuis:
427 1970 478 2047 qui
500 1971 579 2029 istuc
600 1970 704 2030 ftuere
727 1970 884 2030 eunuchus
899 1969 1022 2048 putuit?
1048 1970 1104 2030 Pr.
1122 1970 1188 2048 Ego

634 2063 722 2125 illum
742 2067 846 2126 nescio

272 2160 330 2235 Qui
352 2161 462 2220 fierit:
488 2162 548 2220 hoe
569 2160 650 2240 quod
671 2163 764 2240 iecit,
785 2182 837 2223 res
857 2163 923 2243 ipsa
944 2160 1068 2224 indicat.

270 2257 366 2334 Virgo
385 2262 452 2336 ipsa
472 2255 622 2318 lacrumat
643 2259 761 2339 neque,
785 2279 876 2339 quom
896 2261 1028 2340 rogites,
1052 2260 1126 2340 quid
1148 2262 1188 2320 sit

636 2356 728 2417 audet
746 2354 860 2418 dicere.

270 2450 328 2511 ille
351 2456 452 2513 alitem
478 2456 574 2514 bonus
595 2457 644 2514 uir
665 2457 813 2534 nusquam
835 2454 971 2536 adparet.
1015 2456 1106 2516 etiam
1127 2456 1187 2514 hoc

634 2552 747 2612 misera
767 2552 917 2630 suspicor,
1135 2559 1188 2614 660

270 2645 396 2726 Aliquid
413 2645 503 2707 domo
519 2650 682 2709 abeuntem
698 2647 869 2712 distulisse.
904 2648 961 2709 Pu.
983 2648 1110 2726 quueo
1130 2649 1186 2706 mi-

624 2746 688 2804 rari
708 2746 793 2822 satis,

272 2841 338 2914 Quo
352 2839 420 2900 illio
435 2842 521 2901 abire
539 2843 665 2918 igntuos
679 2842 779 2920 possit
797 2839 934 2918 ldngius‚
948 2840 1008 2898 nisi
1023 2843 1050 2898 si
1063 2838 1184 2899 domum

268 2934 362 2995 Forte
378 2934 416 2995 ad
437 2956 493 2997 nos
513 2935 618 2996 rediit.
654 2937 710 2996 Pu.
732 2937 807 2998 Vise
821 2938 942 3013 amabo,
963 2938 1036 2997 nium
1050 2938 1099 2997 sit.
1127 2937 1184 2996 Pu.

101 3111 105 3119 Ι
634 3033 695 3092 iam
716 3033 785 3092 faxd
806 3036 895 3096 scies.

183 3130 240 3191 Do.
270 3129 373 3207 Perii,
396 3132 541 3208 tibereum,
563 3137 625 3191 tam
646 3131 803 3193 infindum
824 3135 959 3211 facinus,
981 3134 1049 3193 mea
1070 3140 1121 3204 tu,
1146 3152 1186 3191 ue

635 3227 739 3289 audiui
760 3229 893 3310 quidem.

184 3323 239 3384 Pu.
268 3324 310 3382 At
335 3319 389 3403 pdl
411 3343 468 3403 ego
491 3328 642 3386 amatores
669 3346 722 3387 eos
748 3326 912 3389 mulierum
939 3327 1007 3388 <isse
1030 3326 1186 3388 audieram

632 3429 794 3502 mixumos,
1136 3431 1187 3487 666
