2468 4036
67 265 247 321 111213-29
389 253 393 261 '
467 264 675 327 ANDRIA.
1033 270 1074 333 33

73 472 77 479 ·
150 437 224 497 Tibi
245 435 356 496 uideor
378 452 461 513 esse,
484 435 575 514 quim
597 441 659 495 tam
678 442 787 516 aperte
811 420 929 499 iillere'
945 439 1074 518 incipiis

522 531 626 593 dolis?

148 631 266 694 Saltem
293 635 454 710 iccurate,
484 638 518 691 ut
545 633 642 692 metui
668 630 777 694 uidear
799 637 902 713 certe,
931 637 958 697 si
976 640 1074 698 resci-

533 731 641 791 nerim.

62 831 121 891 ΒΛ.
149 831 245 893 Certe
267 828 375 891 hercle
397 850 478 891 nune
499 831 551 889 hic
571 848 605 889 se
626 832 711 909 ipsus
725 829 823 907 fallit,
838 831 921 893 haid
935 852 1002 912 ego.
1027 835 1069 896 S1.
1090 847 1114 889 1⁶

518 927 609 989 Edixi
628 930 697 1007 tibi,
1021 941 1072 996 495

145 1027 362 1088 Interminatus
391 1030 474 1106 ssim,
503 1047 543 1087 ne
559 1029 697 1087 facerent
724 1028 799 1087 mim
820 1030 971 1090 ueritu's?
999 1031 1071 1110 quid

522 1122 673 1185 retulit?

146 1222 271 1283 Credin
293 1224 351 1284 tibi
371 1226 431 1285 hoc
452 1243 550 1302 nune,
572 1225 734 1304 peperisse
756 1225 835 1286 hane
855 1225 1072 1306 ePimphiloi

61 1323 119 1383 Ds.
147 1322 255 1383 Tenet
284 1323 358 1403 quid
387 1330 489 1402 erret,
516 1324 548 1383 st
571 1321 645 1400 quid
667 1342 752 1402 agam
774 1326 882 1386 habeo.
921 1326 963 1387 St.
993 1325 1072 1403 Quid

522 1422 629 1483 taces?

63 1517 120 1579 iis.
147 1519 228 1597 Quid
250 1519 380 1581 credas?
401 1521 487 1598 qussi
507 1539 570 1579 non
588 1521 646 1580 tibi
666 1523 843 1582 renuntiits
858 1523 920 1582 sint
934 1522 1011 1584 haec
1026 1528 1070 1583 sic

519 1620 598 1680 fore.

61 1714 102 1775 Sl.
145 1716 246 1776 Mihin
276 1717 460 1795 qnisquam?
486 1717 546 1775 ΒΔ.
573 1717 642 1776 Eho
669 1736 707 1776 sn
733 1724 801 1778 tute
827 1717 984 1780 intellexti
1011 1722 1070 1780 hoe
1088 1738 1112 1778 20

518 1811 718 1873 idsimulari?
739 1813 781 1873 S1.
804 1813 953 1877 inrideor.
1018 1826 1070 1879 500

60 1911 117 1971 ns.
145 1912 410 1972 Remintiatumst:
430 1916 499 1971 nim
523 1913 575 1990 qui
595 1913 654 1972 tibi
672 1913 770 1972 istaec
788 1912 897 1973 incidit
917 1917 1069 1995 suspItioi

61 2009 102 2071 St.
144 2010 225 2086 Qui?
247 2013 316 2089 quis
337 2016 370 2070 te
390 2029 505 2070 noram.
538 2010 597 2070 DA.
620 2010 714 2086 Quisi
734 2015 769 2070 tu
785 2009 885 2089 dicas,
908 2012 1022 2072 fictum
1036 2012 1069 2072 id

519 2105 647 2166 consilii
667 2125 744 2167 meo.

61 2202 103 2264 St.
143 2204 239 2264 Certe
263 2205 343 2263 enim
365 2206 438 2264 scio.
472 2205 531 2267 ns.
552 2205 621 2264 Non
642 2205 716 2264 sitis
735 2223 784 2264 me
803 2208 945 2285 pernosti
965 2191 1086 2287 etism,x

518 2301 617 2381 qualis
639 2305 711 2379 sim,
734 2301 828 2362 Simo.

60 2395 100 2457 St.
142 2398 230 2476 Egon
252 2399 307 2458 te?
328 2399 387 2461 Ds.
411 2398 474 2459 Sed
496 2398 599 2478 siquid
621 2401 678 2460 tibi
699 2419 827 2461 narrare
849 2402 972 2482 occepi,
995 2423 1069 2463 eon-

518 2499 604 2557 tinusi
626 2495 694 2556 dari

144 2592 218 2653 Tibi
231 2594 328 2653 uerba
349 2579 458 2655 censes
479 2593 574 2655 filsot
595 2597 700 2672 itaque
716 2595 824 2656 hercle
842 2595 888 2656 nss
909 2599 968 2657 ism
985 2607 1066 2658 mut·
1083 2615 1109 2655 ss

515 2695 577 2753 tire
599 2692 708 2752 tuideo.
1016 2706 1067 2758 505

60 2788 102 2851 St.
145 2790 213 2850 Hoc
240 2793 297 2871 ego
325 2793 389 2852 scio
420 2811 528 2869 unum,
555 2792 710 2850 neminem
730 2792 892 2871 peperisse
914 2793 974 2852 hic.
1006 2794 1065 2855 ΒΑ.

515 2888 682 2950 intellexti.

143 2987 206 3048 Sed
240 2986 306 3047 nilo
339 2989 437 3049 setiits
470 3009 540 3050 mox
574 3007 703 3070 puerum
735 2989 796 3048 huc
823 2987 968 3050 deferent
994 2997 1066 3051 ante

514 3088 635 3147 (istium.

141 3180 176 3242 ld
194 3183 251 3261 ego
272 3183 333 3243 ism
353 3203 435 3245 nunc
450 3185 526 3263 tibi,
548 3188 619 3263 ere,
641 3186 787 3246 renuntiti
802 3186 954 3266 futurum,
976 3193 1011 3248 ut
1023 3190 1065 3247 sis

514 3303 627 3361 solens,

140 3376 187 3437 Ne
209 3383 244 3437 tu
263 3379 322 3438 hic
343 3381 498 3460 posterius
520 3380 603 3441 dices
624 3381 703 3442 Daui
723 3382 837 3443 fictum
859 3380 988 3443 consilio
1013 3381 1067 3440 ait
