2468 4036
332 651 708 728 PROLOGVS.

102 839 269 920 Postqutm
283 841 375 920 poeta
390 839 480 899 uetus
492 840 615 918 poetam
634 843 697 898 ndu
709 842 816 918 potest

101 938 276 999 Retrahere
293 940 330 998 ab
346 935 449 998 studio
466 943 499 998 et
513 935 678 997 trensdere
693 936 848 996 hominem
862 935 896 995 ln
911 935 1017 1011 etium,

101 1034 279 1095 Malchctis
295 1034 459 1096 deterrere
474 1052 515 1095 ne
530 1037 645 1094 scribit
659 1041 762 1115 parat:

101 1133 162 1208 Qui
178 1133 221 1192 lta
237 1131 368 1210 dictitat,
388 1151 461 1212 quas
476 1131 607 1191 entehac
624 1131 701 1191 iecit
714 1129 845 1208 fibulas,

101 1231 204 1292 Tenui
220 1233 290 1292 esse
305 1233 445 1292 oratidne
461 1236 495 1290 et
509 1232 663 1311 scripturi
677 1228 757 1290 leui:
1001 1239 1017 1292 5

99 1328 177 1404 Quia
191 1329 340 1408 nusquam
354 1329 493 1388 insanum
508 1328 634 1408 scripsit
649 1320 914 1388 adulescentulum

97 1426 230 1486 Geruim
244 1424 354 1486 uidere
370 1426 480 1506 fingere
497 1433 531 1487 et
544 1429 658 1487 sectari
673 1445 763 1486 canes

96 1524 138 1584 Et
153 1527 220 1583 eim
234 1524 370 1603 plorare,
390 1527 479 1585 ordre
494 1533 530 1584 ut
545 1527 709 1585 subueniit
723 1526 791 1586 sibi.

97 1618 229 1695 Quodsi
244 1618 456 1698 intellegeret,
478 1622 569 1698 quem
586 1623 674 1681 stetit
690 1620 761 1680 olim
776 1640 865 1699 nouo,

96 1715 221 1775 Actoris
237 1734 332 1794 opera
347 1717 441 1794 migis
456 1717 581 1775 stetisse
598 1719 766 1794 quimus,
983 1728 1016 1778 10

95 1811 201 1872 Minus
216 1811 312 1873 milto
328 1811 485 1890 audacter,
506 1815 595 1890 quim
610 1831 691 1872 nunc
705 1811 813 1889 laedit,
834 1809 983 1873 laederet.

93 1909 182 1970 Nunc
198 1911 293 1990 siquis
311 1916 369 1988 est,
392 1911 445 1989 qui
459 1911 519 1969 hoc
536 1909 616 1969 dIcat
631 1916 683 1969 aut
699 1910 743 1968 sic
760 1909 890 1987 odgitet:

93 2005 205 2068 ‘Vetus
221 2011 249 2067 si
262 2010 355 2088 poeta
370 2010 432 2067 nen
446 2006 624 2068 lacessisset
638 2008 736 2087 prior,

92 2103 215 2164 Nullum
232 2107 373 2166 inuenire
388 2105 549 2186 prologum
564 2106 671 2187 posset
685 2107 810 2165 nouos?

93 2199 205 2276 [Quem
221 2200 352 2280 diceret,
373 2204 434 2262 nisi
448 2203 580 2264 haberet
595 2203 645 2263 cni
660 2201 739 2263 male
754 2202 901 2282 dicerem]
981 2213 1014 2265 15

92 2295 121 2355 ls
137 2299 196 2356 ssssi
211 2316 392 2377 responsum
408 2301 467 2359 hoc
482 2300 604 2377 hebeat,
625 2303 658 2360 in
673 2300 775 2361 medio
790 2300 930 2361 emnibus

94 2391 229 2453 Palmam
245 2397 313 2455 esse
328 2397 471 2475 positam,
493 2399 546 2475 qui
560 2400 658 2456 ertem
673 2402 808 2457 tractant
822 2399 976 2458 mimicam.

93 2488 152 2549 llle
168 2489 207 2550 id
222 2491 334 2551 famem
350 2493 432 2552 hunc
447 2494 484 2552 ab
501 2491 603 2552 tuidio
620 2492 738 2552 studuit
752 2496 889 2553 reicere:

92 2588 153 2647 Hic
168 2588 361 2669 respondere
376 2587 487 2666 ueluit,
509 2608 571 2648 uon
586 2586 750 2650 lacessere.

92 2685 270 2747 Benedictis
289 2689 316 2747 si
331 2689 491 2765 certdsset,
514 2686 650 2747 audisset
665 2689 765 2747 benet
979 2698 1014 2753 20

93 2784 183 2861 Quod
199 2788 236 2845 ab
252 2783 308 2844 illo
324 2782 498 2862 adlatumst
520 2783 553 2842 id
567 2784 626 2843 sibi
643 2783 790 2843 rellatum
804 2790 903 2863 putet.

91 2883 137 2943 De
152 2882 206 2943 ille
221 2884 281 2943 iam
295 2883 389 2942 finem
405 2883 516 2942 ficiam
531 2880 658 2942 dicundi
672 2881 758 2959 mihi,

90 2979 246 3040 Peccindi
263 2999 354 3059 quom
368 2981 436 3060 ipse
451 2978 490 3038 de
505 2998 540 3040 se
554 2980 647 3039 finem
661 2980 723 3039 ndu
738 2977 835 3038 faciti

89 3079 177 3139 Nunc
194 3077 268 3158 quid
286 3078 380 3140 uelim
397 3079 529 3140 animum
544 3077 705 3141 attendite.
733 3076 864 3158 adporto
883 3100 992 3140 nouam

90 3176 373 3257 Epidicazomenon
389 3180 478 3254 quim
492 3183 605 3236 uocant
621 3173 811 3237 comoediam
978 3186 1013 3238 lt

91 3272 214 3351 Graeci,
235 3273 339 3333 Latini
354 3273 572 3333 Phdrmionem
587 3274 760 3333 neminunt:

90 3369 168 3445 Quia
184 3371 298 3450 primas
312 3373 411 3451 portis
429 3373 483 3450 qui
498 3377 578 3449 aget,
600 3371 628 3429 is
642 3371 704 3429 erit
717 3367 864 3429 Phermlo
