2468 4036
186 233 248 297 158
420 231 609 295 nnrvron
632 231 921 296 nmonvunuos.
1010 240 1194 301 rvrr-oo

268 416 344 478 Num
366 416 449 497 quod
478 414 518 476 de
543 422 671 495 urgento
699 417 820 497 sperem
844 425 896 478 aut
916 437 1009 500 ponne
1037 424 1192 503 postulem

637 533 687 574 me
708 513 833 594 fillere,

267 608 319 671 Nil
335 613 399 672 e'ot:
421 611 589 692 triumpho,
605 610 720 672 silicet
734 632 783 672 me
797 611 898 673 ldtere
912 621 996 675 teoto
1011 616 1183 679 obscedere

269 711 400 771 Grucidr
422 708 527 768 bolum
548 710 624 768 mihi
644 714 763 770 tdntum
787 718 929 793 ereptum
956 717 1018 773 tdm
1048 713 1191 776 desubito

638 809 827 872 efurioibuo.

268 906 349 984 Quid
375 907 483 985 agorn?
512 907 564 965 urit
587 904 660 982 quid
683 908 917 968 comminiscor?
945 909 1025 968 rutio
1048 906 1088 969 de
1110 913 1191 969 inte-

638 1024 693 1084 gro
715 1006 879 1066 ineundtst
900 1007 985 1070 mihi.

269 1107 319 1168 Nil
341 1111 403 1167 ttrn
424 1105 596 1183 difficilest,
620 1106 692 1185 quin
714 1105 891 1184 quaerendo
913 1107 1096 1186 inutrtigori
1116 1109 1191 1188 pdo-

631 1205 701 1266 εἰεί.
1138 1216 1190 1271 675

268 1304 349 1381 Quid
370 1305 397 1364 si
417 1305 476 1364 hdo
498 1323 579 1363 nunc
602 1305 646 1364 sio
668 1305 835 1384 incipiam?
858 1301 904 1363 nil
926 1309 983 1366 est.
1014 1303 1098 1384 quId,
1121 1305 1190 1364 sio?

637 1400 819 1460 tantundem
840 1403 943 1481 egero.

266 1502 309 1561 At
330 1504 374 1560 uic
396 1501 516 1580 opinor.
540 1501 601 1558 non
621 1504 735 1578 potest.
756 1496 848 1557 immo
867 1501 1000 1580 optume.
1020 1514 1117 1575 eugue
1134 1500 1189 1558 ho-

635 1599 694 1656 beo
712 1591 882 1676 ¹(intumum.

265 1697 432 1757 Retraham
452 1695 560 1756 hercle
576 1696 687 1775 opinor
706 1694 744 1754 td
765 1714 814 1755 me
834 1693 916 1755 idem
932 1693 1009 1755 illud
1023 1693 1187 1773 frigitiuom

635 1793 796 1870 orgentrim
816 1801 928 1856 tamen.

500 1963 675 2023 Onnum.
719 1963 870 2021 Surus.

111 2088 235 2148 ivocr.
264 2087 354 2149 Nullo
370 2089 445 2148 mihi
461 2107 512 2148 res
527 2088 656 2167 posthdo
670 2092 776 2166 potest
790 2089 849 2147 iarn
864 2087 1057 2147 interuenire
1072 2089 1167 2166 tdnta,

265 2186 351 2261 Quae
376 2186 418 2245 mi
441 2184 666 2263 aegritudinem
691 2183 828 2245 ddierotz
864 2189 948 2244 tantu
968 2184 1045 2244 hudo
1066 2184 1186 2246 laetitio

635 2284 783 2343 obdrtust.
1134 2293 1185 2346 680

262 2377 351 2440 Dedo
368 2382 450 2461 putri
467 2400 517 2440 me
534 2383 686 2459 minoium,
708 2387 743 2441 ut
759 2380 910 2460 frngdlior
928 2383 985 2441 sim
1003 2386 1093 2461 qutm
1107 2380 1183 2442 uolt.

179 2478 231 2539 Su.
263 2477 314 2538 Nil
342 2480 392 2539 md
419 2479 554 2540 fefellit:
596 2483 763 2560 cognitust,
795 2485 941 2559 quantum
972 2478 1063 2540 aridio
1094 2481 1184 2541 huius

634 2580 739 2641 uerbo.

151 2690 164 2730 o
261 2674 344 2736 lutrio
364 2677 422 2736 tibi
444 2696 481 2737 ex
500 2678 655 2738 sententio
674 2685 727 2738 tuo
750 2677 898 2755 obtigisse
920 2674 1031 2735 laetor.

180 2774 233 2835 On.
264 2774 290 2834 0
309 2775 456 2856 nisyro,
478 2776 590 2837 audisti
608 2777 761 2837 dboecro?
780 2775 833 2836 Su.
849 2772 932 2850 Quid
946 2774 1001 2859 ni?
1023 2772 1183 2851 quinoque

633 2897 693 2937 una
714 2874 876 2935 adfuerim.

179 2973 231 3032 Cn.
259 2971 433 3050 Quoiquam
460 2975 558 3053 adque
585 2972 697 3034 uudisti
731 2971 891 3034 commode
920 2973 1081 3051 quicquum
1111 2969 1183 3028 due-

629 3071 737 3131 nisoe?
760 3072 813 3132 Su.
828 3068 931 3132 Nrillie
1131 3073 1182 3128 685

177 3168 230 3232 Gn.
259 3167 363 3247 Atque
379 3170 421 3227 itu
435 3187 485 3229 me
501 3167 534 3229 di
552 3176 664 3248 ament,
684 3172 719 3231 rit
736 3189 794 3250 ego
810 3190 891 3231 nuno
905 3188 968 3230 non
983 3171 1045 3229 tim
1058 3167 1181 3243 meopte

632 3272 723 3330 codsa

258 3364 373 3427 Luetdr
391 3385 480 3446 quum
494 3365 594 3428 illius:
617 3387 706 3449 quum
723 3370 780 3446 ego
803 3368 867 3426 noio
884 3384 953 3428 enne
967 3364 1088 3424 honore
1107 3378 1183 3439 quo-

627 3469 675 3528 uio
696 3466 827 3546 dignum.
