2468 4036
177 214 239 276 204
584 214 762 277 PHORMIO.
915 219 968 272 114
983 216 1130 272 16-1111
1144 221 1177 271 10

260 394 406 454 Rescindi
421 413 527 475 posse:
546 401 578 455 et
592 397 683 474 tinpe
697 397 864 475 inceptust.
885 394 941 452 Du.
958 395 1025 471 Die,
1042 393 1142 456 Crito.

178 489 246 551 cm.
262 491 327 568 Ego
344 489 472 571 implius
488 490 719 552 deliberandum
737 493 864 551 censeo:

259 586 321 644 Res
348 587 493 664 mdgnnst.
526 587 586 649 ΗΕ.
608 585 764 663 Numquid
781 589 837 645 nds
860 587 932 647 uis?
963 589 1019 650 Du.
1042 589 1176 648 Fecistis

649 703 685 742 ro
708 702 743 742 e:

262 780 413 840 Incertior
428 800 493 840 sum
508 779 604 841 milto
621 686 709 860 duod]
727 779 849 842 duddm.
874 781 931 841 Gn.
943 782 1064 859 Negant

141 902 166 942 πο
261 877 400 939 Redisse.
421 879 478 940 Ds.
493 878 606 938 Frater
620 879 669 938 est
684 876 891 958 expectandis
907 879 998 938 mihi:
1127 887 1178 942 460

263 974 291 1033 Is
308 975 390 1053 quod
404 976 479 1035 mihi
495 975 619 1036 dederit
637 975 677 1035 de
690 976 748 1035 hdo
763 993 798 1034 re
814 972 985 1053 consilium,
1007 972 1041 1033 id
1055 992 1177 1052 sequar.

263 1073 481 1134 Perodntntum
495 1075 546 1135 ibo
563 1073 601 1133 ud
614 1076 747 1155 portum,
769 1071 869 1152 quoad
883 1091 917 1131 se
931 1072 1071 1151 recipiet.

182 1168 239 1228 Gn.
264 1169 307 1229 nt
323 1187 379 1248 ego
398 1152 606 1250 Antiphonem
622 1172 781 1248 quaeram,
804 1177 839 1229 ut
859 1187 937 1248 quoe
958 1174 1024 1228 notu
1045 1166 1098 1226 hic
1118 1170 1178 1226 sint

266 1362 329 1423 Sed
344 1381 448 1423 eccum
462 1367 559 1444 ipsum
575 1274 713 1424 uiddcoldd
729 1364 869 1441 tempore
882 1363 942 1421 huc
957 1378 991 1420 se
1004 1361 1158 1441 rdoipere.

453 1604 457 1609 Ι
500 1531 696 1592 dusmiso.
742 1529 861 1590 Gnnn.

115 1660 154 1712 [ΙΙ
168 1655 246 1715 ldn.
262 1639 352 1715 Enim
367 1674 454 1735 uero,
477 1657 626 1737 Antipho,
649 1654 836 1716 multimodis
851 1674 919 1714 oum
932 1657 1010 1713 istoc
1028 1654 1128 1713 animo
1145 1672 1179 1713 es

605 1783 610 1791 ·
629 1753 864 1834 uitupernndus:
1127 1761 1189 1815 465¹

264 1835 349 1910 itane
365 1858 397 1910 te
412 1852 485 1911 hine
502 1854 601 1912 abisse
617 1857 650 1911 et
668 1852 761 1910 uitam
776 1854 858 1909 tudm
871 1847 1029 1909 tutandum
1043 1847 1112 1907 eliis
1126 1847 1181 1908 de-

627 1947 723 2008 disse!

267 2027 354 2105 dlios
374 2051 457 2103 tuom
477 2064 543 2105 rem
564 2045 726 2105 ore'didisti
746 2047 842 2122 mogis
860 2063 948 2123 quum
964 2049 1029 2103 tete
1048 2043 1180 2101 animum

635 2133 841 2203 dduorsuros‘.²

266 2238 341 2299 Num
357 2241 391 2300 dt
405 2247 440 2300 ut
454 2247 543 2301 erant
557 2240 625 2319 sliu,
645 2240 694 2300 ssli
710 2247 796 2300 certe
812 2241 889 2318 quae
901 2257 981 2297 nunc
995 2236 1053 2295 tibi
1069 2233 1182 2294 domist

634 2336 824 2415 consuleres,

265 2432 387 2511 Nequid
401 2442 532 2515 propter
546 2440 629 2496 tudm
643 2435 737 2494 fidem
752 2433 882 2514 deceptu
898 2441 1062 2514 poteretur
1078 2435 1167 2495 moli:

267 2529 380 2604 Quoius
400 2551 481 2592 nune
502 2534 632 2594 miserae
657 2535 728 2611 spes
754 2549 889 2611 opesque
916 2533 988 2591 siint
1006 2533 1039 2591 in
1063 2539 1097 2592 te
1121 2550 1183 2590 uno

634 2632 739 2692 omnes
759 2631 846 2690 sitae.
1132 2639 1185 2692 470

182 2726 240 2787 Gn,
264 2727 306 2788 Et
323 2726 462 2806 quidem,
483 2746 552 2806 ere,
572 2748 629 2788 nos
643 2731 703 2787 iam
717 2726 831 2786 diudum
846 2727 897 2785 hic
912 2733 943 2785 te
960 2726 1122 2786 absentem
1138 2731 1185 2788 in·

633 2845 781 2903 eusnmus,
800 2826 852 2903 qui
869 2824 991 2884 dbieris.

181 2920 239 2980 An.
266 2920 314 2980 Te
333 2922 434 3001 ipsium
456 2925 647 3000 quaerebam.
676 2923 733 2985 Gn.
750 2921 813 2981 sod
834 2940 871 2980 ea
889 2940 979 2983 oousu
1000 2920 1065 2980 nsso
1088 2923 1185 2999 magis
1229 2924 1232 2935 '

627 3018 806 3082 defecimus.

181 3115 239 3175 Ais.
265 3112 410 3191 Loquere
425 3116 571 3194 dbseoro,
594 3136 652 3194 quo
668 3136 737 3176 num
751 3119 783 3175 in
797 3115 869 3176 loco
883 3122 954 3177 sunt
968 3117 1020 3177 res
1035 3124 1070 3178 et
1084 3118 1186 3178 fortu-

632 3217 692 3275 nae
706 3234 810 3275 mese:

144 3326 168 3366 10
264 3311 418 3393 Numquid
428 3311 551 3373 subolet
559 3314 664 3394 patrii
680 3314 736 3377 Gn.
745 3312 797 3373 Nil
807 3315 907 3375 etium.
920 3313 978 3374 An.
986 3311 1110 3388 Ecquid
1119 3312 1185 3392 spei

635 3412 783 3494 porrost?
797 3410 982 3472 GnNdscio.
1000 3410 1058 3472 An.
1068 3410 1130 3472 Ah.
