2468 4036
178 254 199 299 X
523 280 526 289 ι
586 255 766 297 PRAEFATIO

178 408 347 466 oom'etatem
368 419 444 479 puae
470 403 514 462 ad
535 405 628 462 solam
648 404 798 464 sortiendi
817 407 936 478 sinpala
957 407 1099 466 uocabula
1119 424 1175 465 ro-

177 507 283 564 tionem
303 503 447 577 pertinet,
480 501 605 575 itemque
636 501 687 560 ulii
711 507 795 562 actus
820 518 1001 577 scaenasque
1027 503 1114 563 aliter
1140 520 1177 562 ac

176 600 328 661 Bentleius
348 599 498 672 constitui,
519 599 570 658 cui
587 600 635 659 rei
653 600 875 674 capnoscendoe
888 601 1018 659 numeris
1039 602 1070 659 iu
1090 614 1176 659 mar

174 701 292 776 pinibus
312 699 439 775 adpictts
456 701 607 774 montaum
628 703 678 757 cst.

260 797 364 857 Restat
383 802 416 856 ut
433 797 476 855 eis
496 796 568 855 uiris
589 795 680 856 doctr's
701 797 754 870 qui
772 813 843 856 suas
860 796 1006 872 quosdam
1026 798 1176 856 comecia-

176 911 229 954 ras
253 894 445 954 Terentianus
455 893 598 967 privatim
619 906 731 952 mecum
751 895 1039 954 communicaverunt
1057 899 1087 953 et
1099 899 1132 952 ut
1146 895 1177 952 ia

176 1005 260 1050 usum
281 1006 376 1050 meum
402 994 599 1049 converterem
616 991 817 1063 permiserunt
839 992 957 1065 pralias
979 1005 1068 1064 apum
1088 1005 1178 1063 quam

176 1089 333 1148 maximas.
365 1102 403 1148 aa
429 1088 558 1161 primum
590 1085 708 1158 pultem
738 1085 908 1147 Theodorus
940 1087 1092 1161 Berplcius
1122 1085 1178 1145 itas

175 1185 312 1247 Heauton
334 1184 527 1243 timorumenu
546 1183 763 1244 emendationes
783 1201 854 1244 snas
875 1186 950 1246 caeo
971 1186 1046 1245 milti
1059 1183 1178 1260 prola-

175 1285 217 1344 ait
231 1288 264 1343 ut
282 1284 314 1343 in
335 1282 488 1341 uerborum
509 1281 643 1341 ordinem
663 1285 841 1356 receperim:
863 1300 888 1342 a.
913 1282 953 1343 72
969 1279 1067 1341 Enim
1089 1278 1177 1343 dices

177 1384 332 1460 quantum
353 1383 540 1454 (occupatum
560 1377 615 1437 hoc
628 1392 648 1435 a
663 1377 770 1439 Ballio
788 1381 820 1438 in
834 1379 945 1453 cpiam.
957 1381 1048 1452 antiq.
1062 1379 1178 1438 Ilarm-

174 1477 252 1536 stati.
274 1492 303 1536 a.
330 1473 406 1536 1841
424 1492 460 1552 p.
484 1471 594 1548 1062),
621 1491 647 1532 a.
672 1474 731 1536 154
759 1470 819 1535 hoc
842 1492 938 1556 quom
958 1471 1010 1553 fit,
1038 1470 1085 1535 ibi
1111 1492 1177 1536 non

175 1578 280 1652 recte,
303 1592 329 1633 a.
350 1573 411 1634 253
432 1571 518 1635 unde
538 1572 569 1633 ei
589 1590 660 1633 esso
675 1589 805 1651 censes,
825 1589 851 1633 u.
873 1570 934 1633 300
957 1569 1003 1633 eis
1024 1568 1175 1633 domunc-

176 1670 279 1733 rarier
294 1678 368 1749 (pua
388 1674 613 1734 incorrectione
627 1673 803 1748 praeiverat
817 1671 975 1747 Gnaeum„
986 1686 1013 1729 u.
1030 1668 1092 1730 402
1106 1665 1177 1730 uidi

178 1790 250 1833 esse
271 1769 434 1849 habitum,
457 1769 513 1833 diu
535 1770 634 1833 eliam
645 1769 759 1834 turbas
779 1768 887 1850 dabit,
909 1788 935 1831 u.
954 1770 1014 1832 405
1033 1764 1092 1830 011.
1110 1777 1178 1831 aute

176 1867 346 1952 Antiphila
365 1875 472 1948 reponi
491 1874 586 1947 iussit,
608 1888 633 1932 a.
655 1870 713 1929 411
738 1867 841 1952 primo
857 1886 899 1929 ex
919 1885 986 1947 m03
1009 1870 1088 1929 aliae
1103 1885 1178 1943 quas

176 1984 235 2028 non
248 1970 351 2043 recepi
369 1971 437 2029 olim
457 1972 489 2029 in
504 1968 712 2030 commentario
733 1967 836 2026 critico
856 1964 1045 2037 adferantur.
1069 1965 1178 2025 deinde

176 2080 242 2123 cum
263 2065 301 2124 de
320 2067 435 2124 nomine
460 2065 511 2126 iilo
530 2067 661 2125 mulieris
681 2063 761 2137 quod
774 2061 909 2126 Andriae
927 2079 954 2121 a.
977 2061 1036 2121 945
1058 2077 1079 2120 a
1093 2063 1175 2122 libris

175 2161 345 2234 foedissimo
366 2162 470 2223 mendo
492 2157 648 2222 Pasibula
669 2161 812 2222 traditum
833 2166 888 2234 est,
912 2159 1069 2235 Georpium
1090 2161 1176 2221 Bez-

15 2337 22 2351 ,
45 2339 48 2343 ,
160 2259 388 2333 recimerem
409 2267 437 2320 et
459 2259 596 2319 Oarolum
615 2259 759 2333 Iteilium,
781 2261 907 2319 oltenm
927 2273 1029 2318 coram
1047 2275 1106 2334 per
1125 2261 1176 2318 iu-

175 2357 385 2416 cundissimam
408 2372 504 2417 ruam
531 2358 710 2416 mansionem
734 2357 945 2430 Dresiensem,
972 2372 1033 2431 per
1064 2357 1177 2417 litteras

176 2460 302 2516 alierum
316 2458 531 2530 consuluissem,
553 2461 675 2529 uterque
692 2456 767 2514 miro
781 2471 924 2516 emmanu
935 2456 1010 2516 atili
1020 2457 1178 2532 proposuit

174 2554 209 2613 id
223 2554 304 2628 quod
317 2555 419 2628 recepi
431 2546 599 2634 Pasiphila
606 2597 615 2629 ,
638 2552 718 2626 quoti
731 2567 836 2612 nomen
852 2551 1004 2631 Terentius
1019 2555 1054 2612 ni
1069 2555 1176 2612 mirum

174 2655 295 2728 scripsit
312 2647 466 2734 Pasipila.
490 2651 614 2726 clentpue
627 2649 765 2710 Heauton
786 2651 980 2710 timorumemu
992 2656 1060 2724 post
1070 2665 1097 2708 o.
1116 2646 1176 2708 289

174 2769 265 2812 unum
296 2768 411 2813 versum
441 2752 560 2813 incuria
596 2749 788 2809 librariorum
823 2750 970 2810 erudisse
1001 2749 1178 2821 liudolphus

174 2850 338 2909 Dietscmus
356 2851 430 2908 milti
447 2849 631 2921 sipmficaait.

257 2944 374 3005 Dabam
392 2941 592 3014 Froncofurti
617 2940 660 2999 ad
684 2939 824 2999 Moenum
851 2953 948 2999 mense
973 2937 1074 3014 Aprili
1104 2943 1178 3000 artai

175 3039 331 3102 Maooai
339 3039 407 3102 VII.
