2468 4036
91 429 139 483 Vl
155 430 266 482 12-29
334 421 523 486 HEAVTON
547 420 838 484 TIMORVMENOS.
1035 425 1097 490 169

91 608 148 670 Gn.
175 604 256 683 Quid
278 605 342 665 ait?
369 605 435 666 Mn.
451 603 595 666 Gaudere
618 601 696 665 ddeo
719 610 838 686 eoepit,
864 608 950 685 qutsi
973 608 1025 688 qui
1044 629 1098 670 eu·

545 703 636 783 pinnt
655 703 787 785 nriptias.
1044 718 1096 773 885

90 805 148 864 Gn.
174 803 331 863 chahae.
371 801 434 864 Mn.
458 800 539 878 Quid
565 802 684 863 risisti?
725 801 895 866 (inserui
920 805 1037 867 uenere
1063 809 1096 867 in

546 901 681 960 mentem
703 900 797 979 Syri.

176 997 378 1060 calliditates.
413 997 478 1058 Mn.
495 981 605 1058 itane?
640 997 700 1059 Gn.
717 997 830 1059 Voltus
854 1000 976 1078 quique
998 1001 1097 1062 homi-

82 1155 84 1161 ⁴
545 1113 618 1153 uum
636 1095 727 1172 fingit
747 1093 858 1156 scelus.

89 1194 152 1253 Mn.
174 1193 291 1253 Gnattus
314 1188 398 1270 quod
419 1210 453 1251 se
474 1189 637 1251 adsimulat
656 1190 782 1271 laetum,
803 1191 838 1252 id
860 1191 959 1254 dictet
979 1195 1036 1256 Gn.
1052 1194 1096 1256 ld.
1111 1215 1135 1254 1⁵

548 1287 613 1350 Mn.
630 1287 715 1349 Idem
732 1290 813 1350 istrie
835 1290 912 1351 mihi

173 1387 270 1449 Ve'nit
285 1387 318 1446 in
334 1386 479 1446 mentem.
503 1385 754 1448 (inveterator.
777 1388 841 1449 Mn.
858 1387 969 1469 Mtgts‚
991 1391 1017 1450 si
1034 1411 1097 1451 ma-

548 1483 595 1562 gis
616 1487 712 1564 noris,
733 1491 825 1567 putes
1046 1498 1097 1554 889

173 1569 219 1643 ita
245 1602 310 1643 rem
333 1599 411 1644 esse.
445 1582 502 1643 On.
526 1582 586 1642 Ain
609 1584 665 1643 tu?
696 1583 761 1645 Mn.
783 1585 865 1661 Quin
890 1592 924 1646 tu
949 1585 1096 1648 ausculta.

410 1679 468 1741 Gn.
487 1680 582 1741 Mane
600 1686 679 1762 dnm,
696 1683 757 1743 hoe
771 1685 858 1765 prius
875 1685 956 1745 seire
973 1686 1095 1766 expeto,

177 1777 257 1852 Quid
274 1775 461 1857 perdideris.
483 1796 553 1838 uam
574 1780 627 1840 nbi
646 1779 829 1862 desponsam
849 1783 999 1843 nrintiasti
1017 1781 1095 1861 filio,

177 1873 330 1932 Gdntinuo
349 1873 494 1932 iniecisse
515 1875 612 1934 uerba
634 1877 692 1936 tibi
711 1877 897 1939 Dromonem
916 1878 1048 1958 sedicet,

178 1970 314 2051 Sponsae
334 1975 453 2029 uestem
472 1989 578 2029 aurum
595 1974 687 2049 ttque
702 1970 828 2033 ancillas
847 1977 923 2054 dpus
941 1993 1025 2035 esse:
1049 1995 1097 2034 ar·
1110 1999 1136 2041 ao

548 2075 674 2147 gentum
693 2071 728 2129 rit
747 2068 847 2133 dares.

91 2171 153 2230 Mn.
173 2169 251 2231 Ndn.
282 2169 339 2229 Cn.
358 2165 460 2244 Quid?
481 2168 567 2227 non?
579 2166 658 2227 ‘Mn
673 2166 742 2228 Non
759 2169 890 2246 inquam.
914 2170 972 2232 Gn.
988 2168 1097 2249 Neque

367 2271 435 2350 ipse
452 2270 585 2348 gnttus‘t
607 2268 671 2330 Mn.
686 2267 740 2330 Nil
759 2270 913 2351 prorsrim‚
937 2271 1096 2334 Chremes.

176 2369 274 2446 Megis
301 2387 395 2429 unum
426 2369 518 2427 etiam
545 2368 680 2446 insttre,
714 2375 749 2429 ut
773 2367 868 2447 hodie
896 2370 1098 2430 cdnticlantur

548 2467 684 2546 nuptiae.
1045 2477 1096 2531 895

91 2565 149 2624 Gn.
174 2563 258 2622 Mira
279 2580 395 2622 narras.
419 2558 494 2640 quid
509 2561 607 2641 Syrus
630 2566 737 2623 meus?
760 2583 800 2623 ne
822 2568 849 2624 is
870 2563 1097 2644 quidem'quic-

549 2662 662 2738 quem?
683 2661 748 2725 Mn.
764 2660 857 2723 Nihil.

92 2760 151 2820 (in.
179 2760 275 2836 Quam
299 2756 417 2834 dhrem,
438 2756 554 2815 neseio.
580 2756 645 2816 Mn.
661 2743 814 2837 Equidem
835 2762 942 2838 miror,
965 2761 1018 2838 qui
1039 2759 1098 2819 ilia

551 2859 612 2912 tam
634 2852 727 2933 plane
750 2852 837 2915 scias.

177 2950 241 3012 sed
255 2949 313 3011 ille
329 2958 414 3010 tuom
430 2951 552 3028 quoque
569 2949 666 3029 Syrus
683 2949 767 3011 idem
782 2955 861 3011 mire
878 2952 967 3010 finxit
985 2950 1097 3029 filium,
1111 2967 1137 3008 aa

176 3035 219 3110 Vt
240 3069 281 3111 ne
303 3047 461 3130 paululum
485 3048 611 3128 quidem
633 3047 754 3111 subolet
775 3049 844 3108 esse
870 3049 995 3108 amicam
1019 3050 1098 3109 hanc

549 3146 675 3210 Cliniae.

90 3249 147 3310 Gn.
177 3247 257 3324 Quid
278 3248 343 3308 aia?
365 3247 430 3308 Mn.
448 3246 542 3307 Mitto
563 3248 623 3305 iam
645 3243 779 3305 dseulari
802 3250 893 3322 atque
914 3242 1096 3324 tmplexari:

545 3343 579 3403 id
600 3343 645 3402 nss
663 3350 746 3425 puto.
1047 3352 1098 3406 900

90 3445 148 3505 Gn.
177 3442 256 3519 Quid
268 3441 411 3523 estquod
423 3442 552 3523 amplius
566 3441 750 3503 simuletur?
766 3442 830 3501 Mn.
847 3442 925 3503 Van.
946 3442 1003 3501 Cn.
1016 3436 1097 3515 Quid

549 3540 619 3599 est?
643 3539 709 3598 Mn.
725 3536 808 3596 Audi
826 3536 928 3597 modo.

176 3622 232 3695 ist
247 3637 323 3696 mihi
336 3636 454 3698 ultimis
469 3636 616 3697 eonelaue
631 3638 664 3695 in
680 3633 807 3694 aedibus
822 3633 974 3712 quoddaim
993 3638 1097 3693 retro:
