2468 4036
180 256 201 316 r
346 210 349 216 ’
500 251 607 314 vrri
642 252 871 316 rnnunrrr.

127 429 171 497 (a)
267 423 385 497 Scripsit
405 423 567 480 comoedias
587 442 654 495 sex,
671 442 707 480 ex
725 427 825 497 quibus
841 426 961 496 primam
972 424 1109 481 Andriam
1127 443 1189 480 cum

182 509 319 566 aedilibus
337 507 431 578 daret,
450 509 544 565 iussus
562 516 625 565 ante
639 508 756 566 Caecilio
774 510 893 565 recitare
911 507 948 563 ad
964 515 1111 565 cenantem
1127 526 1189 564 cnm

182 594 321 662 uenisset,
341 593 431 649 dictus
443 598 485 648 est
496 592 603 649 initium
616 594 729 665 quidem
746 595 872 662 fabulae,
890 592 1037 663 quoderat
1049 600 1189 663 contemp

181 677 251 732 tiore
271 678 390 746 uestitu,
418 678 550 733 subsellio
575 678 651 733 iuxta
673 679 804 733 lectulum
826 675 958 733 residens
983 678 1104 748 legisse,
1125 684 1190 748 post

152 774 286 833 5paucos
298 777 366 816 uero
378 774 479 816 uersus
491 760 622 816 inuitatus
634 767 664 816 ut
674 761 852 818 adcumberet
864 776 983 816 cenasse
996 776 1068 829 una,
1086 760 1189 816 deindo

181 850 275 900 cetera
297 845 473 917 percurrisse
496 861 552 900 non
575 846 636 900 sine
658 861 761 918 magna
785 844 896 901 Caecilii
920 844 1113 900 admiratione.
1155 845 1190 899 Et

135 1000 146 1015 1
180 928 255 985 hanc
281 934 372 986 autem
398 934 425 984 et
451 929 573 1001 quinque
598 930 722 1001 reliquas
745 930 899 1000 aequaliter
920 928 1025 1001 populo
1048 929 1188 1001 probauit.

182 1011 317 1080 Quamuis
328 1013 473 1069 Volcatius
489 1013 523 1068 de
537 1013 745 1069 enumeratione
759 1014 880 1068 omnium
896 1013 934 1068 ita
946 1013 1063 1068 scribat:

225 1095 355 1154 Sumetur
368 1113 404 1154 ex
416 1096 462 1153 his
472 1096 586 1170 Hdcyra
598 1101 677 1154 sexta
689 1094 792 1154 la‘bula.

137 1189 172 1240 10
180 1179 333 1236 Eunuchus
352 1181 465 1253 quidem
479 1182 523 1237 bis
545 1221 552 1235 .
574 1220 581 1236 .
604 1186 666 1237 acta
683 1187 727 1237 est
738 1181 893 1252 meruitque
904 1172 1038 1252 pretium,
1056 1186 1189 1250 quantum

181 1265 258 1318 nulla
270 1271 351 1319 antea
364 1265 528 1334 cuiusquam
540 1264 703 1333 comoedia,
720 1263 852 1320 uidelicet
869 1269 931 1319 octo
943 1263 1020 1319 milia
1030 1279 1189 1319 nummum:

180 1353 331 1419 propterea
350 1363 459 1402 summa
478 1362 589 1418 quoque
607 1348 683 1402 titulo
703 1349 861 1404 ascribitur.
904 1347 977 1402 Nam
994 1347 1187 1420 Adelphorum

180 1430 349 1501 principium
361 1431 454 1484 Varro
467 1431 550 1485 etiarn
561 1432 684 1502 praefert
694 1430 832 1501 principio
844 1429 1002 1484 Menandri.

264 1513 328 1570 Non
345 1515 466 1569 obscura
478 1515 553 1568 lama
565 1520 608 1571 est
620 1513 745 1569 adiutum
754 1512 915 1568 Terentium
926 1513 955 1568 in
967 1514 1077 1585 scriptis
1090 1515 1189 1569 aLae-

137 1607 170 1661 15
182 1598 220 1653 lio
239 1602 265 1652 et
283 1596 433 1669 Scipione;
452 1612 568 1668 eamque
587 1598 649 1670 ipse
661 1598 753 1653 auxit:
774 1612 926 1669 numquam
937 1597 1012 1653 enirn
1024 1597 1079 1653 nisi
1090 1598 1188 1652 leuiter

183 1698 214 1736 se
225 1681 307 1735 tutari
320 1687 450 1749 conatur,
464 1685 493 1736 ut
503 1681 532 1735 in
541 1682 659 1754 prologo
672 1681 882 1753 Adelphorum:

222 1764 294 1821 Nam
306 1765 383 1836 qudd
394 1766 440 1821 isti
452 1764 548 1820 dicunt
558 1763 696 1834 ma'liuoli,
709 1764 837 1821 homines
850 1763 951 1821 nobilis

223 1849 304 1904 Hunc
317 1847 443 1905 adiutare
456 1845 631 1921 adsiduoque
643 1864 700 1905 una
713 1846 852 1906 scribere:

225 1933 308 2001 Quod
319 1929 360 1988 illi
371 1932 549 1988 maledictum
562 1933 678 1988 ulmens
690 1947 749 1987 croc
760 1929 936 2001 existumant,

136 2027 171 2077 20
224 2017 295 2071 Eam
309 2017 422 2072 laddem
433 2015 480 2071 hic
493 2015 568 2071 ducit
579 2012 754 2082 maxumam,
774 2032 857 2086 quom
869 2011 923 2071 illis
934 2016 1035 2088 placet,

225 2099 278 2167 Qui
290 2099 371 2155 udbis
383 2099 525 2154 uniuersis
538 2104 565 2153 et
574 2098 679 2170 populd
690 2099 816 2168 placent:

225 2182 348 2250 Quorum
361 2182 447 2254 dpera
458 2183 486 2236 in
496 2182 584 2250 bello,
598 2183 627 2236 in
638 2181 710 2250 dtio,
727 2182 757 2235 in
769 2182 881 2254 negotio

224 2265 282 2322 Suo
295 2262 413 2338 quisque
425 2271 549 2338 tempore
563 2266 644 2321 dsust
656 2266 716 2321 sine
729 2266 871 2338 supe'rbia.

181 2348 301 2405 Videtur
317 2356 410 2405 autem
428 2367 459 2405 se
476 2351 567 2405 leuius
587 2349 765 2419 defendisse,
786 2351 852 2422 quia
864 2349 971 2406 sciebat
981 2349 1078 2403 Laelio
1090 2355 1117 2403 et
1130 2347 1187 2404 Sci·

136 2442 170 2496 25
181 2434 258 2504 pioni
276 2449 333 2488 non
350 2434 488 2505 ingratam
500 2450 564 2490 esse
580 2434 653 2490 hanc
669 2434 844 2506 opinionem:
869 2450 942 2505 quae
953 2438 1047 2489 tamen
1058 2432 1150 2504 magis
1162 2440 1190 2487 et

92 2523 169 2593 ΑΒ)
183 2534 272 2589 usque
290 2517 328 2572 ad
344 2518 501 2589 posteriora
517 2522 644 2590 tempora
661 2520 758 2574 ualuit.
800 2518 830 2575 C.
848 2519 997 2574 Memmius
1016 2518 1045 2572 in
1062 2518 1187 2572 oratione

181 2618 233 2673 pro
245 2617 276 2657 se
289 2603 328 2658 ait
339 2604 383 2658 εΡ.
394 2602 556 2672 Africanus,
569 2604 616 2675 qui
628 2620 645 2660 a
657 2603 787 2660 Terentio
799 2619 953 2677 personam
965 2606 1105 2658 mutuatus
1118 2617 1190 2674 quae

182 2686 258 2741 domi
270 2688 375 2743 luserat
386 2688 447 2759 ipse
459 2688 572 2742 nomine
591 2689 665 2745 illius
684 2690 713 2743 in
729 2705 844 2744 scenam
860 2685 979 2744 detulit'.
1011 2687 1107 2759 Nepos
1126 2702 1190 2742 auc—

180 2773 241 2824 tore
257 2777 336 2826 certo
353 2773 526 2842 comperisse
545 2790 577 2828 se
594 2775 646 2842 ait,
665 2772 695 2828 C.
707 2774 833 2828 Laelium
846 2770 987 2842 quondam
998 2772 1026 2825 in
1037 2771 1189 2825 Puteolano

135 2862 170 2914 30
182 2853 309 2908 calendis
320 2855 428 2908 Martiis
439 2854 612 2909 admonitum
624 2857 658 2911 ab
671 2871 774 2923 uxore,
788 2856 939 2925 temperius
950 2856 980 2905 ut
991 2851 1188 2920 discumberet,

180 2936 287 3005 petisse
301 2937 336 2991 ab
356 2953 390 2990 ea
401 2951 436 2988 ne
447 2935 684 3005 interpellaretur:
703 2938 794 2992 serius
806 2935 921 2991 tandem
933 2935 1093 3005 ingressum
1106 2937 1190 2992 tricli-

182 3019 258 3073 nium
276 3018 383 3074 dixisse
400 3033 563 3089 nonsaepe
581 3020 610 3073 in
633 3019 782 3075 scribendo
802 3019 894 3090 magis
918 3020 1093 3075 successisse
1119 3021 1188 3077 sibi:

183 3101 285 3158 deinde
297 3107 425 3174 rogatum
435 3108 465 3158 ut
476 3103 580 3174 scripta
591 3103 638 3158 illa
648 3104 787 3175 proferret
797 3103 994 3176 pronuntiasse
1007 3119 1122 3173 uersus,
1142 3106 1188 3177 qui

183 3188 286 3242 suntin
297 3186 624 3242 Heautontimorumeno:

137 3293 172 3346 35
226 3286 301 3344 Satis
312 3284 360 3357 pdl
371 3288 503 3357 proterue
514 3283 559 3340 md
572 3284 637 3358 Syri
650 3280 791 3358 promissa
801 3284 858 3339 huc
870 3281 1048 3338 induxerunt.

131 3373 174 3442 (4)
186 3369 288 3429 Santra
302 3370 460 3426 Terentium
477 3369 630 3438 existimat,
652 3369 776 3425 simodo
796 3369 825 3423 in
844 3365 994 3423 scribendo
1012 3364 1186 3422 adiutoribus

183 3455 350 3528 indiguerit,
371 3461 500 3511 nontam
517 3453 650 3527 Scipione
675 3460 703 3510 et
719 3454 814 3510 laelio
832 3452 871 3507 uti
888 3451 1029 3518 notuisse,
1052 3449 1099 3521 qui
1121 3453 1185 3504 tunc

9 2594 90 2633 -s
