2468 4036
90 277 156 332 ive
172 279 284 330 12-38
498 271 675 332 PHORitIlO.
1026 273 1088 335 213

93 456 145 516 Da.
175 451 264 529 Quod
278 451 470 512 remedium?
493 453 604 515 1}th
620 454 679 512 abii
694 454 747 513 abs
763 460 805 532 te,
822 456 859 513 fit
872 454 956 515 forte
969 456 1088 515 (tbniam

173 552 253 612 Mihi
274 551 428 614 Phdrmia.
456 553 512 614 (in.
530 553 588 628 Qui
606 551 774 610 inermia?
797 552 853 616 Gn.
870 554 899 612 is
921 555 972 631 qui
989 556 1087 613 istim.

546 651 603 712 Gn.
620 650 700 712 Scio.

92 749 147 809 Ga.
176 748 313 808 Visrimst
328 749 379 824 mi,
397 752 432 806 nt
447 747 513 806 eius
527 748 710 827 temptarem
726 749 918 812 sententiam.

173 845 297 905 Prendo
319 846 474 905 hdrninem
496 844 609 903 solnm:
637 844 727 922 ‘qudr
745 848 820 904 non'
840 848 963 924 inquam
976 845 1092 907 '‘Phar-
1106 855 1129 896 1⁸

545 945 616 1021 mio,
1040 956 1092 1008 620

174 1043 282 1118 Vides,
305 1043 388 1100 inter
405 1061 462 1101 nos
478 1044 522 1101 sie
537 1041 614 1100 haec
631 1043 734 1120 potins
751 1042 819 1100 erim
836 1043 916 1102 bona

173 1141 217 1202 Vt
237 1143 451 1220 edmponamus
469 1140 568 1218 grttia
586 1159 674 1219 quam
691 1140 758 1198 erim
774 1137 875 1199 mala?

173 1239 254 1298 Erus
268 1235 409 1298 liberalis
425 1239 473 1298 est
490 1243 522 1297 et
538 1237 672 1316 fugitans
686 1235 802 1296 litium:

174 1336 249 1396 Nam
264 1337 362 1397 aeteri
378 1334 501 1414 quidem
517 1332 626 1395 hercle
642 1335 730 1396 amini
745 1337 852 1395 ornnes
866 1335 957 1396 modo

173 1435 242 1496 Vno
267 1438 323 1494 dre
349 1439 490 1494 auctores
515 1432 620 1511 fuere,
649 1438 683 1492 ut
707 1433 910 1513 praeeipitem
936 1434 1014 1493 htne
1039 1432 1091 1492 da·
1105 1454 1131 1495 πο

546 1533 620 1592 ret!
1040 1543 1091 1597 625

92 1652 101 1687 ,·
143 1679 148 1689 .
178 1628 258 1706 Quid
277 1631 328 1688 hie
350 1630 473 1706 coeptat
490 1635 616 1705 autquo
635 1626 879 1688 euadethodiet
908 1623 1091 1690 (infaust-

559 1725 646 1800 gibus

176 1823 324 1882 Datrirum
339 1839 454 1902 poenas
471 1818 567 1897 dices,
587 1821 614 1878 si
628 1818 711 1878 illam
729 1820 881 1880 eiecerit?

175 1919 235 1979 lam
250 1919 283 1978 id
299 1918 535 2000 exploratumst:
556 1917 636 1995 heia,
653 1914 875 1996 addemnatis,

175 2017 207 2076 Si
223 2037 290 2076 eum
304 2016 359 2076 rito
374 2017 514 2097 inceptas
528 2015 669 2074 hdmine:
692 2033 728 2074 ea
745 2012 962 2094 eloquentiaet.

174 2117 291 2176 Verrim
306 2136 388 2196 pono
404 2132 473 2175 esse
487 2117 601 2174 uictum
617 2133 701 2174 eum:
725 2120 756 2173 at
769 2113 895 2175 tandem
909 2121 1013 2179 tamen
1040 2129 1093 2185 630
1103 2135 1129 2176 aa

174 2213 242 2272 Non
257 2214 365 2292 ctpitis
381 2214 411 2272 ai
425 2232 476 2273 res
492 2213 602 2290 igitur,
624 2211 681 2272 sed
696 2213 869 2292 pectiniae!

174 2310 340 2386 Postquam
355 2310 509 2368 hdminem
524 2310 572 2368 hia
585 2310 691 2368 uerbis
706 2310 807 2370 sentio
821 2309 984 2393 mollirier,

177 2403 255 2464 ‘Soli
268 2424 370 2466 sumus
383 2424 465 2464 nune
479 2407 542 2463 hic'
558 2408 695 2484 inquam:
715 2401 799 2486 (οἰκ),
815 2407 866 2468 die
879 2408 1011 2488 quiduis
1023 2412 1090 2474 dari

175 2502 249 2563 Tibi
262 2503 294 2561 tn
308 2520 439 2580 manum,
455 2508 489 2561 ut
504 2520 575 2561 erus
589 2502 637 2561 his
653 2501 782 2563 desistat
795 2502 913 2584 litibus,

139 2601 260 2660 Haec
274 2599 347 2659 hina
360 2599 503 2678 inecaret,
525 2600 558 2658 tri
573 2598 720 2660 molestus
735 2602 776 2660 ne
790 2602 885 2661 siest’
1039 2616 1089 2670 635
1103 2621 1128 2663 aa

90 2701 146 2761 An.
175 2698 261 2758 Satin
277 2696 323 2758 ssli
338 2696 370 2758 di
385 2703 456 2757 sunt
469 2697 618 2777 prdpitii‘t
638 2697 721 2758 Gn‘
724 2716 793 2757 narn
808 2703 854 2758 stt
868 2701 942 2779 scio,

175 2798 208 2857 Si
223 2804 256 2858 tu
271 2797 402 2877 dliquam
417 2803 538 2879 partem
552 2799 643 2875 aequi
658 2796 793 2875 bonique
810 2795 933 2878 dixeris,

173 2896 217 2957 Vt
233 2902 281 2955 est
296 2893 350 2955 dle
366 2897 465 2954 honus
480 2895 539 2972 nir,
561 2896 621 2954 tria
636 2913 698 2983 non
714 2898 938 2957 eommuttbitis

173 2994 279 3055 Verba
289 2992 382 3054 trddie
395 2997 477 3054 inter
487 2996 566 3057 nos!
579 2994 636 3053 lin.
646 2995 721 3070 Quis
732 2999 764 3054 te
774 2995 872 3054 istaec
881 2996 970 3057 iussit
979 2997 1089 3080 lnquit

91 3095 145 3154 Cn.
175 3092 267 3151 Immd
286 3091 797 3173 nonpotnitmeliuspernenirier
1037 3106 1128 3160 640n

171 3190 217 3249 Eo
234 3194 294 3267 qud
308 3210 364 3249 nos
379 3188 528 3250 nolumus.
550 3192 606 3251 Ara
626 3175 742 3251 decidi.
766 3189 821 3254 Da.
837 3192 938 3270 Perge
954 3192 1067 3271 eloqui.

90 3290 147 3347 Ga.
175 3289 202 3347 A
218 3292 316 3367 primo
332 3290 423 3348 hamo
438 3291 601 3348 insanibat.
624 3288 682 3349 Cn.
699 3286 784 3348 Cedo
804 3289 878 3366 qnid
891 3289 1050 3368 pdatulatt

91 3386 147 3448 Gn.
175 3386 277 3460 Quid?
298 3388 424 3448 nimium
439 3392 593 3467 qnantum.
617 3386 675 3448 (tn.
694 3384 867 3458 Quantum?
884 3385 943 3445 die.
967 3387 1024 3447 Gn.
1041 3387 1089 3448 St-

545 3485 611 3563 quis
628 3481 718 3542 daret
