<?xml version="1.0" encoding="UTF-8"?>
<!DOCTYPE html PUBLIC "-//W3C//DTD XHTML 1.0 Transitional//EN"
    "http://www.w3.org/TR/xhtml1/DTD/xhtml1-transitional.dtd">
<html xmlns="http://www.w3.org/1999/xhtml" xml:lang="en" lang="en">
 <head>
  <title>
</title>
<meta http-equiv="Content-Type" content="text/html;charset=utf-8" />
  <meta name='ocr-system' content='tesseract 3.04.00' />
  <meta name='ocr-capabilities' content='ocr_page ocr_carea ocr_par ocr_line ocrx_word'/>
</head>
<body>
  <div class='ocr_page' id='page_1' title='image "./pterenticomoedi00flecgoog_0233.png"; bbox 0 0 2468 4036; ppageno 0'>
   <div class='ocr_carea' id='block_1_1' title="bbox 182 247 1188 313">
    <p class='ocr_par' dir='ltr' id='par_1_1' title="bbox 182 247 1188 313">
     <span class='ocr_line' id='line_1_1' title="bbox 182 247 1188 313; baseline -0.005 0"><span class='ocrx_word' id='word_1_1' title='bbox 182 251 246 313; x_wconf 76' lang='lat'><strong>200</strong></span> <span class='ocrx_word' id='word_1_2' title='bbox 589 247 768 308; x_wconf 78' lang='lat' dir='ltr'><strong>PHORMIO.</strong></span> <span class='ocrx_word' id='word_1_3' title='bbox 1019 251 1073 306; x_wconf 78' lang='lat'><strong>113</strong></span> <span class='ocrx_word' id='word_1_4' title='bbox 1087 252 1188 308; x_wconf 79' lang='lat'><strong>3-30</strong></span> 
     </span>
    </p>
   </div>
   <div class='ocr_carea' id='block_1_2' title="bbox 141 426 1190 3526">
    <p class='ocr_par' dir='ltr' id='par_1_2' title="bbox 141 426 1190 3526">
     <span class='ocr_line' id='line_1_2' title="bbox 269 426 1187 507; baseline -0.001 -17"><span class='ocrx_word' id='word_1_5' title='bbox 269 429 385 490; x_wconf 78' lang='lat' dir='ltr'><strong>Adeste</strong></span> <span class='ocrx_word' id='word_1_6' title='bbox 414 449 536 507; x_wconf 81' lang='lat' dir='ltr'>quaeso,</span> <span class='ocrx_word' id='word_1_7' title='bbox 571 430 627 491; x_wconf 77' lang='lat' dir='ltr'><strong>Gn.</strong></span> <span class='ocrx_word' id='word_1_8' title='bbox 652 430 749 487; x_wconf 73' lang='lat' dir='ltr'><strong>iratus</strong></span> <span class='ocrx_word' id='word_1_9' title='bbox 777 433 833 488; x_wconf 87' lang='lat' dir='ltr'><strong>est.</strong></span> <span class='ocrx_word' id='word_1_10' title='bbox 875 426 932 488; x_wconf 87' lang='lat' dir='ltr'><strong>Pn.</strong></span> <span class='ocrx_word' id='word_1_11' title='bbox 960 427 1040 505; x_wconf 79' lang='lat' dir='ltr'><strong>Quin</strong></span> <span class='ocrx_word' id='word_1_12' title='bbox 1064 436 1100 488; x_wconf 79' lang='lat' dir='ltr'><strong>to</strong></span> <span class='ocrx_word' id='word_1_13' title='bbox 1125 429 1187 489; x_wconf 80' lang='lat' dir='ltr'><strong>hoc</strong></span> 
     </span>
     <span class='ocr_line' id='line_1_3' title="bbox 633 527 1189 604; baseline 0.007 -18"><span class='ocrx_word' id='word_1_14' title='bbox 633 527 725 604; x_wconf 70' lang='lat' dir='ltr'><strong>ogeri</strong></span> <span class='ocrx_word' id='word_1_15' title='bbox 1135 535 1189 590; x_wconf 79' lang='lat'><strong>350</strong></span> 
     </span>
     <span class='ocr_line' id='line_1_4' title="bbox 268 620 1066 702; baseline -0.004 -18"><span class='ocrx_word' id='word_1_16' title='bbox 268 626 330 684; x_wconf 89' lang='lat' dir='ltr'><strong>lam</strong></span> <span class='ocrx_word' id='word_1_17' title='bbox 344 643 401 702; x_wconf 85' lang='lat' dir='ltr'><strong>ego</strong></span> <span class='ocrx_word' id='word_1_18' title='bbox 415 625 498 684; x_wconf 78' lang='lat' dir='ltr'><strong>haino</strong></span> <span class='ocrx_word' id='word_1_19' title='bbox 515 624 645 701; x_wconf 86' lang='lat' dir='ltr'><strong>agitabo.</strong></span> <span class='ocrx_word' id='word_1_20' title='bbox 667 625 724 702; x_wconf 81' lang='lat' dir='ltr'><strong>pro</strong></span> <span class='ocrx_word' id='word_1_21' title='bbox 741 620 832 682; x_wconf 89' lang='lat' dir='ltr'><strong>deum</strong></span> <span class='ocrx_word' id='word_1_22' title='bbox 848 620 1066 700; x_wconf 72' lang='lat' dir='ltr'><strong>inmortalium,</strong></span> 
     </span>
     <span class='ocr_line' id='line_1_5' title="bbox 157 719 1153 799; baseline -0.002 -19"><span class='ocrx_word' id='word_1_23' title='bbox 157 733 169 772; x_wconf 82' lang='lat'>⁶</span> <span class='ocrx_word' id='word_1_24' title='bbox 267 720 366 798; x_wconf 84' lang='lat' dir='ltr'><strong>Negat</strong></span> <span class='ocrx_word' id='word_1_25' title='bbox 380 721 527 782; x_wconf 79' lang='lat' dir='ltr'><strong>Phinium</strong></span> <span class='ocrx_word' id='word_1_26' title='bbox 546 738 615 780; x_wconf 84' lang='lat' dir='ltr'><strong>esse</strong></span> <span class='ocrx_word' id='word_1_27' title='bbox 630 720 709 779; x_wconf 85' lang='lat' dir='ltr'><strong>hanc</strong></span> <span class='ocrx_word' id='word_1_28' title='bbox 725 719 784 778; x_wconf 81' lang='lat' dir='ltr'><strong>sibi</strong></span> <span class='ocrx_word' id='word_1_29' title='bbox 800 725 958 796; x_wconf 82' lang='lat' dir='ltr'><strong>cognatam</strong></span> <span class='ocrx_word' id='word_1_30' title='bbox 971 719 1153 799; x_wconf 62' lang='lat' dir='ltr'><strong>Demipho?</strong></span> 
     </span>
     <span class='ocr_line' id='line_1_6' title="bbox 267 817 1119 898; baseline 0.001 -21"><span class='ocrx_word' id='word_1_31' title='bbox 267 819 355 878; x_wconf 89' lang='lat' dir='ltr'><strong>Hanc</strong></span> <span class='ocrx_word' id='word_1_32' title='bbox 372 819 524 898; x_wconf 76' lang='lat' dir='ltr'><strong>Demipho</strong></span> <span class='ocrx_word' id='word_1_33' title='bbox 538 824 631 896; x_wconf 84' lang='lat' dir='ltr'><strong>negat</strong></span> <span class='ocrx_word' id='word_1_34' title='bbox 646 819 715 877; x_wconf 76' lang='lat' dir='ltr'><strong>esse</strong></span> <span class='ocrx_word' id='word_1_35' title='bbox 731 818 912 895; x_wconf 73' lang='lat' dir='ltr'><strong>cognatam?</strong></span> <span class='ocrx_word' id='word_1_36' title='bbox 934 818 990 879; x_wconf 79' lang='lat' dir='ltr'><strong>Gn.</strong></span> <span class='ocrx_word' id='word_1_37' title='bbox 1010 817 1119 895; x_wconf 82' lang='lat' dir='ltr'><strong>Negat.</strong></span> 
     </span>
     <span class='ocr_line' id='line_1_7' title="bbox 184 913 1051 996; baseline 0.002 -22"><span class='ocrx_word' id='word_1_38' title='bbox 184 918 239 979; x_wconf 83' lang='lat' dir='ltr'><strong>Dn.</strong></span> <span class='ocrx_word' id='word_1_39' title='bbox 265 913 367 995; x_wconf 86' lang='lat' dir='ltr'><strong>ipsum</strong></span> <span class='ocrx_word' id='word_1_40' title='bbox 382 917 451 976; x_wconf 73' lang='lat' dir='ltr'><strong>esse</strong></span> <span class='ocrx_word' id='word_1_41' title='bbox 466 916 576 996; x_wconf 88' lang='lat' dir='ltr'><strong>opinor</strong></span> <span class='ocrx_word' id='word_1_42' title='bbox 591 914 631 976; x_wconf 78' lang='lat' dir='ltr'><strong>de</strong></span> <span class='ocrx_word' id='word_1_43' title='bbox 648 935 707 993; x_wconf 89' lang='lat' dir='ltr'><strong>quo</strong></span> <span class='ocrx_word' id='word_1_44' title='bbox 723 915 857 992; x_wconf 81' lang='lat' dir='ltr'><strong>agebam.</strong></span> <span class='ocrx_word' id='word_1_45' title='bbox 879 915 1051 992; x_wconf 73' lang='lat' dir='ltr'><strong>sequimini.</strong></span> 
     </span>
     <span class='ocr_line' id='line_1_8' title="bbox 183 1010 1188 1092; baseline 0.005 -21"><span class='ocrx_word' id='word_1_46' title='bbox 183 1013 241 1074; x_wconf 75' lang='lat' dir='ltr'><strong>Par.</strong></span> <span class='ocrx_word' id='word_1_47' title='bbox 265 1011 374 1090; x_wconf 81' lang='lat' dir='ltr'>Neque</span> <span class='ocrx_word' id='word_1_48' title='bbox 387 1016 453 1072; x_wconf 85' lang='lat' dir='ltr'><strong>eius</strong></span> <span class='ocrx_word' id='word_1_49' title='bbox 464 1018 628 1092; x_wconf 79' lang='lat' dir='ltr'><strong>patremne</strong></span> <span class='ocrx_word' id='word_1_50' title='bbox 638 1015 719 1072; x_wconf 81' lang='lat' dir='ltr'><strong>seire</strong></span> <span class='ocrx_word' id='word_1_51' title='bbox 734 1010 916 1090; x_wconf 73' lang='lat' dir='ltr'><strong>quiiueriti</strong></span> <span class='ocrx_word' id='word_1_52' title='bbox 933 1010 990 1071; x_wconf 81' lang='lat' dir='ltr'><strong>Gn.</strong></span> <span class='ocrx_word' id='word_1_53' title='bbox 998 1010 1106 1088; x_wconf 83' lang='lat' dir='ltr'><strong>Negat.</strong></span> <span class='ocrx_word' id='word_1_54' title='bbox 1136 1022 1188 1078; x_wconf 80' lang='lat'><strong>355</strong></span> 
     </span>
     <span class='ocr_line' id='line_1_9' title="bbox 187 1107 1168 1191; baseline 0.002 -24"><span class='ocrx_word' id='word_1_55' title='bbox 187 1109 256 1186; x_wconf 71' lang='lat' dir='ltr'><strong>[Pu.</strong></span> <span class='ocrx_word' id='word_1_56' title='bbox 273 1108 337 1169; x_wconf 82' lang='lat' dir='ltr'><strong>Nec</strong></span> <span class='ocrx_word' id='word_1_57' title='bbox 352 1108 526 1189; x_wconf 80' lang='lat' dir='ltr'><strong>Stilponem</strong></span> <span class='ocrx_word' id='word_1_58' title='bbox 541 1112 641 1191; x_wconf 81' lang='lat' dir='ltr'><strong>iprum</strong></span> <span class='ocrx_word' id='word_1_59' title='bbox 658 1111 739 1169; x_wconf 87' lang='lat' dir='ltr'><strong>scire</strong></span> <span class='ocrx_word' id='word_1_60' title='bbox 757 1109 809 1188; x_wconf 88' lang='lat' dir='ltr'><strong>qui</strong></span> <span class='ocrx_word' id='word_1_61' title='bbox 823 1107 942 1168; x_wconf 67' lang='lat' dir='ltr'><strong>fueriti</strong></span> <span class='ocrx_word' id='word_1_62' title='bbox 968 1108 1025 1170; x_wconf 79' lang='lat' dir='ltr'><strong>Gn.</strong></span> <span class='ocrx_word' id='word_1_63' title='bbox 1043 1107 1168 1187; x_wconf 83' lang='lat' dir='ltr'><strong>Negat]</strong></span> 
     </span>
     <span class='ocr_line' id='line_1_10' title="bbox 143 1206 1066 1286; baseline 0 -22"><span class='ocrx_word' id='word_1_64' title='bbox 143 1225 169 1267; x_wconf 79' lang='lat' dir='ltr'><strong>ro</strong></span> <span class='ocrx_word' id='word_1_65' title='bbox 184 1207 242 1270; x_wconf 74' lang='grc' dir='ltr'><strong>ΡΗ.</strong></span> <span class='ocrx_word' id='word_1_66' title='bbox 270 1209 349 1286; x_wconf 78' lang='lat' dir='ltr'><strong>Quia</strong></span> <span class='ocrx_word' id='word_1_67' title='bbox 365 1209 460 1285; x_wconf 73' lang='lat' dir='ltr'><strong>egens</strong></span> <span class='ocrx_word' id='word_1_68' title='bbox 474 1206 616 1268; x_wconf 86' lang='lat' dir='ltr'><strong>relictast</strong></span> <span class='ocrx_word' id='word_1_69' title='bbox 630 1211 753 1283; x_wconf 86' lang='lat' dir='ltr'><strong>misera,</strong></span> <span class='ocrx_word' id='word_1_70' title='bbox 768 1206 928 1285; x_wconf 73' lang='lat' dir='ltr'><strong>ignorabit</strong></span> <span class='ocrx_word' id='word_1_71' title='bbox 942 1225 1066 1285; x_wconf 83' lang='lat' dir='ltr'><strong>parens,</strong></span> 
     </span>
     <span class='ocr_line' id='line_1_11' title="bbox 268 1303 968 1386; baseline 0.003 -22"><span class='ocrx_word' id='word_1_72' title='bbox 268 1303 451 1384; x_wconf 62' lang='lat' dir='ltr'><strong>Negligitur</strong></span> <span class='ocrx_word' id='word_1_73' title='bbox 464 1308 546 1386; x_wconf 87' lang='lat' dir='ltr'><strong>ipsa:</strong></span> <span class='ocrx_word' id='word_1_74' title='bbox 563 1305 636 1366; x_wconf 85' lang='lat' dir='ltr'><strong>uide</strong></span> <span class='ocrx_word' id='word_1_75' title='bbox 652 1306 781 1366; x_wconf 88' lang='lat' dir='ltr'><strong>auaritia</strong></span> <span class='ocrx_word' id='word_1_76' title='bbox 795 1303 870 1383; x_wconf 84' lang='lat' dir='ltr'><strong>quid</strong></span> <span class='ocrx_word' id='word_1_77' title='bbox 884 1304 968 1366; x_wconf 81' lang='lat' dir='ltr'><strong>facit.</strong></span> 
     </span>
     <span class='ocr_line' id='line_1_12' title="bbox 185 1399 996 1480; baseline 0.001 -19"><span class='ocrx_word' id='word_1_78' title='bbox 185 1403 242 1463; x_wconf 82' lang='lat' dir='ltr'><strong>Gn.</strong></span> <span class='ocrx_word' id='word_1_79' title='bbox 269 1401 303 1460; x_wconf 89' lang='lat' dir='ltr'><strong>Si</strong></span> <span class='ocrx_word' id='word_1_80' title='bbox 317 1419 403 1460; x_wconf 89' lang='lat' dir='ltr'><strong>erum</strong></span> <span class='ocrx_word' id='word_1_81' title='bbox 417 1400 606 1462; x_wconf 79' lang='lat' dir='ltr'><strong>insimulabis</strong></span> <span class='ocrx_word' id='word_1_82' title='bbox 620 1400 767 1480; x_wconf 73' lang='lat' dir='ltr'><strong>malitiae,</strong></span> <span class='ocrx_word' id='word_1_83' title='bbox 784 1399 865 1461; x_wconf 84' lang='lat' dir='ltr'><strong>male</strong></span> <span class='ocrx_word' id='word_1_84' title='bbox 881 1400 996 1462; x_wconf 78' lang='lat' dir='ltr'><strong>abdier.</strong></span> 
     </span>
     <span class='ocr_line' id='line_1_13' title="bbox 184 1497 1189 1576; baseline -0.001 -19"><span class='ocrx_word' id='word_1_85' title='bbox 184 1498 240 1559; x_wconf 85' lang='lat' dir='ltr'><strong>Dn.</strong></span> <span class='ocrx_word' id='word_1_86' title='bbox 271 1497 478 1576; x_wconf 77' lang='lat' dir='ltr'><strong>Oandociam‚</strong></span> <span class='ocrx_word' id='word_1_87' title='bbox 494 1499 586 1558; x_wconf 91' lang='lat' dir='ltr'><strong>etiam</strong></span> <span class='ocrx_word' id='word_1_88' title='bbox 598 1518 647 1559; x_wconf 90' lang='lat' dir='ltr'><strong>me</strong></span> <span class='ocrx_word' id='word_1_89' title='bbox 663 1497 747 1558; x_wconf 79' lang='lat' dir='ltr'><strong>riltro</strong></span> <span class='ocrx_word' id='word_1_90' title='bbox 763 1505 937 1560; x_wconf 87' lang='lat' dir='ltr'><strong>accusatum</strong></span> <span class='ocrx_word' id='word_1_91' title='bbox 951 1497 1087 1560; x_wconf 76' lang='lat' dir='ltr'><strong>iduenit.</strong></span> <span class='ocrx_word' id='word_1_92' title='bbox 1135 1509 1189 1563; x_wconf 81' lang='lat'><strong>360</strong></span> 
     </span>
     <span class='ocr_line' id='line_1_14' title="bbox 185 1594 1073 1675; baseline 0.006 -21"><span class='ocrx_word' id='word_1_93' title='bbox 185 1595 241 1656; x_wconf 82' lang='lat' dir='ltr'><strong>Pn.</strong></span> <span class='ocrx_word' id='word_1_94' title='bbox 268 1595 344 1654; x_wconf 89' lang='lat' dir='ltr'><strong>Nam</strong></span> <span class='ocrx_word' id='word_1_95' title='bbox 358 1596 419 1656; x_wconf 88' lang='lat' dir='ltr'><strong>iam</strong></span> <span class='ocrx_word' id='word_1_96' title='bbox 433 1594 624 1656; x_wconf 79' lang='lat' dir='ltr'><strong>idulescenti</strong></span> <span class='ocrx_word' id='word_1_97' title='bbox 643 1595 688 1655; x_wconf 90' lang='lat' dir='ltr'><strong>nil</strong></span> <span class='ocrx_word' id='word_1_98' title='bbox 706 1602 754 1655; x_wconf 85' lang='lat' dir='ltr'><strong>est</strong></span> <span class='ocrx_word' id='word_1_99' title='bbox 771 1596 855 1675; x_wconf 85' lang='lat' dir='ltr'><strong>quod</strong></span> <span class='ocrx_word' id='word_1_100' title='bbox 869 1597 1073 1674; x_wconf 81' lang='lat' dir='ltr'><strong>suscenseam,</strong></span> 
     </span>
     <span class='ocr_line' id='line_1_15' title="bbox 149 1691 1131 1774; baseline 0.004 -23"><span class='ocrx_word' id='word_1_101' title='bbox 149 1720 174 1762; x_wconf 73' lang='lat'><strong>15</strong></span> <span class='ocrx_word' id='word_1_102' title='bbox 269 1693 303 1752; x_wconf 88' lang='lat' dir='ltr'><strong>Si</strong></span> <span class='ocrx_word' id='word_1_103' title='bbox 317 1691 407 1754; x_wconf 76' lang='lat' dir='ltr'><strong>illim</strong></span> <span class='ocrx_word' id='word_1_104' title='bbox 421 1695 520 1755; x_wconf 85' lang='lat' dir='ltr'><strong>minus</strong></span> <span class='ocrx_word' id='word_1_105' title='bbox 535 1700 640 1755; x_wconf 83' lang='lat' dir='ltr'><strong>norat:</strong></span> <span class='ocrx_word' id='word_1_106' title='bbox 658 1697 772 1774; x_wconf 84' lang='lat' dir='ltr'><strong>quippe</strong></span> <span class='ocrx_word' id='word_1_107' title='bbox 787 1696 879 1755; x_wconf 92' lang='lat' dir='ltr'><strong>homo</strong></span> <span class='ocrx_word' id='word_1_108' title='bbox 895 1696 956 1755; x_wconf 92' lang='lat' dir='ltr'><strong>iam</strong></span> <span class='ocrx_word' id='word_1_109' title='bbox 972 1695 1131 1774; x_wconf 77' lang='lat' dir='ltr'><strong>grindior,</strong></span> 
     </span>
     <span class='ocr_line' id='line_1_16' title="bbox 226 1776 983 1872; baseline 0.005 -24"><span class='ocrx_word' id='word_1_110' title='bbox 226 1776 231 1791; x_wconf 67' lang='grc'><em>“</em></span> <span class='ocrx_word' id='word_1_111' title='bbox 268 1790 401 1871; x_wconf 72' lang='lat' dir='ltr'><strong>Pauper,</strong></span> <span class='ocrx_word' id='word_1_112' title='bbox 418 1792 491 1869; x_wconf 88' lang='lat' dir='ltr'><strong>quoi</strong></span> <span class='ocrx_word' id='word_1_113' title='bbox 504 1792 537 1850; x_wconf 90' lang='lat' dir='ltr'><strong>in</strong></span> <span class='ocrx_word' id='word_1_114' title='bbox 551 1810 647 1872; x_wconf 92' lang='lat' dir='ltr'><strong>opere</strong></span> <span class='ocrx_word' id='word_1_115' title='bbox 661 1795 725 1851; x_wconf 88' lang='lat' dir='ltr'><strong>uita</strong></span> <span class='ocrx_word' id='word_1_116' title='bbox 740 1800 816 1869; x_wconf 90' lang='lat' dir='ltr'><strong>erat,</strong></span> <span class='ocrx_word' id='word_1_117' title='bbox 834 1795 901 1852; x_wconf 88' lang='lat' dir='ltr'><strong>ruri</strong></span> <span class='ocrx_word' id='word_1_118' title='bbox 915 1794 983 1852; x_wconf 85' lang='lat' dir='ltr'><strong>fere</strong></span> 
     </span>
     <span class='ocr_line' id='line_1_17' title="bbox 270 1887 984 1969; baseline 0.001 -22"><span class='ocrx_word' id='word_1_119' title='bbox 270 1888 311 1949; x_wconf 92' lang='lat' dir='ltr'><strong>Se</strong></span> <span class='ocrx_word' id='word_1_120' title='bbox 326 1889 518 1949; x_wconf 80' lang='lat' dir='ltr'><strong>continebat:</strong></span> <span class='ocrx_word' id='word_1_121' title='bbox 540 1889 584 1947; x_wconf 87' lang='lat' dir='ltr'><strong>ibi</strong></span> <span class='ocrx_word' id='word_1_122' title='bbox 598 1907 703 1966; x_wconf 80' lang='lat' dir='ltr'><strong>agrum</strong></span> <span class='ocrx_word' id='word_1_123' title='bbox 719 1887 758 1948; x_wconf 83' lang='lat' dir='ltr'><strong>de</strong></span> <span class='ocrx_word' id='word_1_124' title='bbox 773 1892 880 1948; x_wconf 83' lang='lat' dir='ltr'><strong>nostro</strong></span> <span class='ocrx_word' id='word_1_125' title='bbox 895 1897 984 1969; x_wconf 87' lang='lat' dir='ltr'><strong>patre</strong></span> 
     </span>
     <span class='ocr_line' id='line_1_18' title="bbox 270 1984 1187 2064; baseline 0.003 -17"><span class='ocrx_word' id='word_1_126' title='bbox 270 1984 443 2047; x_wconf 78' lang='lat' dir='ltr'><strong>Colendmn</strong></span> <span class='ocrx_word' id='word_1_127' title='bbox 457 1986 605 2045; x_wconf 82' lang='lat' dir='ltr'><strong>habebatr</strong></span> <span class='ocrx_word' id='word_1_128' title='bbox 627 1986 719 2064; x_wconf 77' lang='lat' dir='ltr'><strong>saepe</strong></span> <span class='ocrx_word' id='word_1_129' title='bbox 734 1987 856 2046; x_wconf 85' lang='lat' dir='ltr'><strong>interca</strong></span> <span class='ocrx_word' id='word_1_130' title='bbox 868 1987 945 2046; x_wconf 88' lang='lat' dir='ltr'><strong>mihi</strong></span> <span class='ocrx_word' id='word_1_131' title='bbox 962 2004 1056 2047; x_wconf 81' lang='lat' dir='ltr'><strong>senex</strong></span> <span class='ocrx_word' id='word_1_132' title='bbox 1134 1997 1187 2050; x_wconf 79' lang='lat'><strong>365</strong></span> 
     </span>
     <span class='ocr_line' id='line_1_19' title="bbox 269 2080 1044 2161; baseline -0.001 -19"><span class='ocrx_word' id='word_1_133' title='bbox 269 2083 421 2143; x_wconf 73' lang='lat' dir='ltr'><strong>Narrabat</strong></span> <span class='ocrx_word' id='word_1_134' title='bbox 434 2101 468 2142; x_wconf 89' lang='lat' dir='ltr'><strong>se</strong></span> <span class='ocrx_word' id='word_1_135' title='bbox 481 2083 563 2141; x_wconf 88' lang='lat' dir='ltr'><strong>hunc</strong></span> <span class='ocrx_word' id='word_1_136' title='bbox 577 2080 745 2159; x_wconf 74' lang='lat' dir='ltr'><strong>neglegere</strong></span> <span class='ocrx_word' id='word_1_137' title='bbox 764 2085 926 2161; x_wconf 80' lang='lat' dir='ltr'><strong>cognatim</strong></span> <span class='ocrx_word' id='word_1_138' title='bbox 942 2102 1044 2143; x_wconf 85' lang='lat' dir='ltr'><strong>suom:</strong></span> 
     </span>
     <span class='ocr_line' id='line_1_20' title="bbox 141 2179 1187 2260; baseline 0 -22"><span class='ocrx_word' id='word_1_139' title='bbox 141 2215 167 2254; x_wconf 74' lang='lat'><strong>20</strong></span> <span class='ocrx_word' id='word_1_140' title='bbox 269 2181 311 2238; x_wconf 78' lang='lat' dir='ltr'><strong>Aa</strong></span> <span class='ocrx_word' id='word_1_141' title='bbox 326 2179 415 2257; x_wconf 78' lang='lat' dir='ltr'><strong>quem</strong></span> <span class='ocrx_word' id='word_1_142' title='bbox 429 2180 543 2240; x_wconf 86' lang='lat' dir='ltr'><strong>uirum!</strong></span> <span class='ocrx_word' id='word_1_143' title='bbox 564 2198 653 2256; x_wconf 86' lang='lat' dir='ltr'><strong>quem</strong></span> <span class='ocrx_word' id='word_1_144' title='bbox 670 2198 727 2257; x_wconf 81' lang='lat' dir='ltr'><strong>ego</strong></span> <span class='ocrx_word' id='word_1_145' title='bbox 745 2181 876 2241; x_wconf 85' lang='lat' dir='ltr'><strong>uiderim</strong></span> <span class='ocrx_word' id='word_1_146' title='bbox 892 2181 925 2239; x_wconf 90' lang='lat' dir='ltr'><strong>in</strong></span> <span class='ocrx_word' id='word_1_147' title='bbox 938 2182 1002 2240; x_wconf 87' lang='lat' dir='ltr'><strong>uita</strong></span> <span class='ocrx_word' id='word_1_148' title='bbox 1017 2183 1187 2260; x_wconf 79' lang='lat' dir='ltr'><strong>optumum.</strong></span> 
     </span>
     <span class='ocr_line' id='line_1_21' title="bbox 185 2274 1187 2359; baseline 0.003 -23"><span class='ocrx_word' id='word_1_149' title='bbox 185 2276 242 2359; x_wconf 62' lang='lat' dir='ltr'><strong>(in.</strong></span> <span class='ocrx_word' id='word_1_150' title='bbox 269 2275 384 2338; x_wconf 72' lang='lat' dir='ltr'><strong>Videta</strong></span> <span class='ocrx_word' id='word_1_151' title='bbox 400 2282 432 2335; x_wconf 95' lang='lat' dir='ltr'><strong>te</strong></span> <span class='ocrx_word' id='word_1_152' title='bbox 446 2284 537 2355; x_wconf 88' lang='lat' dir='ltr'><strong>atque</strong></span> <span class='ocrx_word' id='word_1_153' title='bbox 551 2274 650 2353; x_wconf 87' lang='lat' dir='ltr'><strong>illum,</strong></span> <span class='ocrx_word' id='word_1_154' title='bbox 666 2281 700 2335; x_wconf 89' lang='lat' dir='ltr'><strong>ut</strong></span> <span class='ocrx_word' id='word_1_155' title='bbox 713 2281 828 2340; x_wconf 74' lang='lat' dir='ltr'><strong>narras.</strong></span> <span class='ocrx_word' id='word_1_156' title='bbox 847 2278 905 2340; x_wconf 74' lang='grc' dir='ltr'><strong>ΡΗ,</strong></span> <span class='ocrx_word' id='word_1_157' title='bbox 918 2279 931 2337; x_wconf 93' lang='lat'>1</span> <span class='ocrx_word' id='word_1_158' title='bbox 944 2278 978 2338; x_wconf 88' lang='lat' dir='ltr'><strong>in</strong></span> <span class='ocrx_word' id='word_1_159' title='bbox 991 2277 1101 2338; x_wconf 80' lang='lat' dir='ltr'><strong>malim</strong></span> <span class='ocrx_word' id='word_1_160' title='bbox 1116 2299 1187 2339; x_wconf 89' lang='lat' dir='ltr'><strong>cru-</strong></span> 
     </span>
     <span class='ocr_line' id='line_1_22' title="bbox 635 2392 710 2436; baseline 0.04 -3"><span class='ocrx_word' id='word_1_161' title='bbox 635 2392 710 2436; x_wconf 91' lang='lat' dir='ltr'><strong>cem.</strong></span> 
     </span>
     <span class='ocr_line' id='line_1_23' title="bbox 268 2473 1160 2552; baseline 0.004 -21"><span class='ocrx_word' id='word_1_162' title='bbox 268 2473 343 2532; x_wconf 89' lang='lat' dir='ltr'><strong>Nam</strong></span> <span class='ocrx_word' id='word_1_163' title='bbox 357 2474 390 2531; x_wconf 92' lang='lat' dir='ltr'><strong>ni</strong></span> <span class='ocrx_word' id='word_1_164' title='bbox 405 2475 447 2531; x_wconf 84' lang='lat' dir='ltr'><strong>ita</strong></span> <span class='ocrx_word' id='word_1_165' title='bbox 463 2491 533 2532; x_wconf 89' lang='lat' dir='ltr'><strong>eum</strong></span> <span class='ocrx_word' id='word_1_166' title='bbox 548 2474 787 2550; x_wconf 74' lang='lat' dir='ltr'><strong>existnmtssem‚</strong></span> <span class='ocrx_word' id='word_1_167' title='bbox 802 2491 965 2550; x_wconf 86' lang='lat' dir='ltr'><strong>numquam</strong></span> <span class='ocrx_word' id='word_1_168' title='bbox 979 2477 1040 2532; x_wconf 78' lang='lat' dir='ltr'><strong>ttm</strong></span> <span class='ocrx_word' id='word_1_169' title='bbox 1055 2478 1160 2552; x_wconf 83' lang='lat' dir='ltr'><strong>grauis</strong></span> 
     </span>
     <span class='ocr_line' id='line_1_24' title="bbox 270 2568 1188 2649; baseline 0.005 -19"><span class='ocrx_word' id='word_1_170' title='bbox 270 2570 316 2630; x_wconf 91' lang='lat' dir='ltr'><strong>0b</strong></span> <span class='ocrx_word' id='word_1_171' title='bbox 332 2571 411 2629; x_wconf 89' lang='lat' dir='ltr'><strong>hano</strong></span> <span class='ocrx_word' id='word_1_172' title='bbox 422 2571 598 2630; x_wconf 83' lang='lat' dir='ltr'><strong>inimicitias</strong></span> <span class='ocrx_word' id='word_1_173' title='bbox 611 2575 753 2649; x_wconf 77' lang='lat' dir='ltr'><strong>ciperem</strong></span> <span class='ocrx_word' id='word_1_174' title='bbox 767 2571 800 2628; x_wconf 93' lang='lat' dir='ltr'><strong>in</strong></span> <span class='ocrx_word' id='word_1_175' title='bbox 815 2576 952 2630; x_wconf 84' lang='lat' dir='ltr'><strong>nostram</strong></span> <span class='ocrx_word' id='word_1_176' title='bbox 962 2568 1121 2649; x_wconf 71' lang='lat' dir='ltr'><strong>familiam,</strong></span> <span class='ocrx_word' id='word_1_177' title='bbox 1134 2579 1188 2637; x_wconf 81' lang='lat'><strong>370</strong></span> 
     </span>
     <span class='ocr_line' id='line_1_25' title="bbox 270 2665 1009 2748; baseline 0.001 -22"><span class='ocrx_word' id='word_1_178' title='bbox 270 2672 366 2746; x_wconf 78' lang='lat' dir='ltr'><strong>Quam</strong></span> <span class='ocrx_word' id='word_1_179' title='bbox 380 2669 407 2727; x_wconf 86' lang='lat' dir='ltr'><strong>is</strong></span> <span class='ocrx_word' id='word_1_180' title='bbox 423 2671 604 2748; x_wconf 76' lang='lat' dir='ltr'><strong>ispernatur</strong></span> <span class='ocrx_word' id='word_1_181' title='bbox 617 2669 700 2727; x_wconf 79' lang='lat' dir='ltr'><strong>nrinc</strong></span> <span class='ocrx_word' id='word_1_182' title='bbox 714 2674 777 2726; x_wconf 91' lang='lat' dir='ltr'><strong>tam</strong></span> <span class='ocrx_word' id='word_1_183' title='bbox 791 2665 1009 2728; x_wconf 76' lang='lat' dir='ltr'><strong>inliberiliter.</strong></span> 
     </span>
     <span class='ocr_line' id='line_1_26' title="bbox 147 2763 1041 2843; baseline 0 -20"><span class='ocrx_word' id='word_1_184' title='bbox 147 2771 172 2812; x_wconf 77' lang='lat'><strong>²⁵</strong></span> <span class='ocrx_word' id='word_1_185' title='bbox 187 2764 242 2826; x_wconf 81' lang='lat' dir='ltr'><strong>Gn.</strong></span> <span class='ocrx_word' id='word_1_186' title='bbox 269 2764 384 2841; x_wconf 84' lang='lat' dir='ltr'><strong>Pergin</strong></span> <span class='ocrx_word' id='word_1_187' title='bbox 400 2783 454 2824; x_wconf 91' lang='lat' dir='ltr'><strong>ero</strong></span> <span class='ocrx_word' id='word_1_188' title='bbox 471 2766 591 2825; x_wconf 84' lang='lat' dir='ltr'><strong>absenti</strong></span> <span class='ocrx_word' id='word_1_189' title='bbox 605 2763 795 2842; x_wconf 77' lang='lat' dir='ltr'><strong>maleloqui,</strong></span> <span class='ocrx_word' id='word_1_190' title='bbox 812 2764 1041 2843; x_wconf 73' lang='lat' dir='ltr'><strong>inpurissume?</strong></span> 
     </span>
     <span class='ocr_line' id='line_1_27' title="bbox 185 2859 1188 2939; baseline 0.004 -20"><span class='ocrx_word' id='word_1_191' title='bbox 185 2862 241 2923; x_wconf 77' lang='lat' dir='ltr'><strong>Pu.</strong></span> <span class='ocrx_word' id='word_1_192' title='bbox 270 2862 401 2938; x_wconf 79' lang='lat' dir='ltr'><strong>Dignum</strong></span> <span class='ocrx_word' id='word_1_193' title='bbox 423 2863 525 2922; x_wconf 80' lang='lat' dir='ltr'><strong>aritem</strong></span> <span class='ocrx_word' id='word_1_194' title='bbox 547 2864 606 2922; x_wconf 86' lang='lat' dir='ltr'><strong>hoo</strong></span> <span class='ocrx_word' id='word_1_195' title='bbox 625 2859 722 2924; x_wconf 87' lang='lat' dir='ltr'><strong>illost.</strong></span> <span class='ocrx_word' id='word_1_196' title='bbox 754 2862 811 2923; x_wconf 83' lang='lat' dir='ltr'><strong>Gn.</strong></span> <span class='ocrx_word' id='word_1_197' title='bbox 833 2861 895 2920; x_wconf 85' lang='lat' dir='ltr'><strong>Ain</strong></span> <span class='ocrx_word' id='word_1_198' title='bbox 912 2867 1029 2939; x_wconf 83' lang='lat' dir='ltr'><strong>tameo,</strong></span> <span class='ocrx_word' id='word_1_199' title='bbox 1051 2864 1188 2922; x_wconf 70' lang='lat' dir='ltr'><strong>carcer?</strong></span> 
     </span>
     <span class='ocr_line' id='line_1_28' title="bbox 635 2959 796 3021; baseline 0.012 -2"><span class='ocrx_word' id='word_1_200' title='bbox 635 2961 690 3021; x_wconf 82' lang='lat' dir='ltr'><strong>Dn.</strong></span> <span class='ocrx_word' id='word_1_201' title='bbox 709 2959 796 3021; x_wconf 86' lang='lat' dir='ltr'><strong>Geta.</strong></span> 
     </span>
     <span class='ocr_line' id='line_1_29' title="bbox 186 3056 1074 3136; baseline 0.002 -20"><span class='ocrx_word' id='word_1_202' title='bbox 186 3057 242 3118; x_wconf 78' lang='lat' dir='ltr'><strong>Gn.</strong></span> <span class='ocrx_word' id='word_1_203' title='bbox 268 3056 423 3114; x_wconf 81' lang='lat' dir='ltr'><strong>Bonorum</strong></span> <span class='ocrx_word' id='word_1_204' title='bbox 441 3063 590 3134; x_wconf 85' lang='lat' dir='ltr'><strong>extortor,</strong></span> <span class='ocrx_word' id='word_1_205' title='bbox 605 3056 706 3136; x_wconf 76' lang='lat' dir='ltr'><strong>legum</strong></span> <span class='ocrx_word' id='word_1_206' title='bbox 722 3059 889 3117; x_wconf 81' lang='lat' dir='ltr'><strong>contortor.</strong></span> <span class='ocrx_word' id='word_1_207' title='bbox 912 3056 967 3117; x_wconf 84' lang='lat' dir='ltr'><strong>Dn.</strong></span> <span class='ocrx_word' id='word_1_208' title='bbox 984 3056 1074 3118; x_wconf 85' lang='lat' dir='ltr'><strong>Geta.</strong></span> 
     </span>
     <span class='ocr_line' id='line_1_30' title="bbox 185 3151 1187 3233; baseline 0.004 -20"><span class='ocrx_word' id='word_1_209' title='bbox 185 3155 242 3215; x_wconf 74' lang='lat' dir='ltr'><strong>Pu.</strong></span> <span class='ocrx_word' id='word_1_210' title='bbox 269 3151 443 3233; x_wconf 79' lang='lat' dir='ltr'><strong>Responde.</strong></span> <span class='ocrx_word' id='word_1_211' title='bbox 474 3154 531 3214; x_wconf 85' lang='lat' dir='ltr'><strong>Gn.</strong></span> <span class='ocrx_word' id='word_1_212' title='bbox 548 3156 622 3233; x_wconf 80' lang='lat' dir='ltr'><strong>Quis</strong></span> <span class='ocrx_word' id='word_1_213' title='bbox 637 3157 782 3214; x_wconf 73' lang='lat' dir='ltr'><strong>bomot?</strong></span> <span class='ocrx_word' id='word_1_214' title='bbox 803 3155 901 3215; x_wconf 72' lang='lat' dir='ltr'><strong>ehem.</strong></span> <span class='ocrx_word' id='word_1_215' title='bbox 932 3154 988 3212; x_wconf 83' lang='lat' dir='ltr'><strong>Dn.</strong></span> <span class='ocrx_word' id='word_1_216' title='bbox 1004 3153 1100 3216; x_wconf 87' lang='lat' dir='ltr'><strong>Tace.</strong></span> <span class='ocrx_word' id='word_1_217' title='bbox 1129 3156 1187 3218; x_wconf 69' lang='lat' dir='ltr'><strong>(in.</strong></span> 
     </span>
     <span class='ocr_line' id='line_1_31' title="bbox 636 3252 1190 3318; baseline 0.007 -7"><span class='ocrx_word' id='word_1_218' title='bbox 636 3253 768 3311; x_wconf 86' lang='lat' dir='ltr'><strong>Absenti</strong></span> <span class='ocrx_word' id='word_1_219' title='bbox 784 3252 842 3312; x_wconf 94' lang='lat' dir='ltr'><strong>tibi</strong></span> <span class='ocrx_word' id='word_1_220' title='bbox 1138 3261 1190 3318; x_wconf 69' lang='lat'><strong>375</strong></span> 
     </span>
     <span class='ocr_line' id='line_1_32' title="bbox 269 3347 925 3428; baseline 0 -20"><span class='ocrx_word' id='word_1_221' title='bbox 269 3350 317 3409; x_wconf 85' lang='lat' dir='ltr'><strong>Te</strong></span> <span class='ocrx_word' id='word_1_222' title='bbox 334 3347 474 3426; x_wconf 84' lang='lat' dir='ltr'><strong>indignas</strong></span> <span class='ocrx_word' id='word_1_223' title='bbox 489 3354 584 3428; x_wconf 83' lang='lat' dir='ltr'><strong>seqrie</strong></span> <span class='ocrx_word' id='word_1_224' title='bbox 601 3349 708 3428; x_wconf 86' lang='lat' dir='ltr'><strong>dignas</strong></span> <span class='ocrx_word' id='word_1_225' title='bbox 724 3348 925 3410; x_wconf 75' lang='lat' dir='ltr'><strong>contumelias</strong></span> 
     </span>
     <span class='ocr_line' id='line_1_33' title="bbox 144 3444 1016 3526; baseline 0.003 -24"><span class='ocrx_word' id='word_1_226' title='bbox 144 3457 173 3502; x_wconf 78' lang='lat' dir='ltr'><strong>ao</strong></span> <span class='ocrx_word' id='word_1_227' title='bbox 267 3447 438 3526; x_wconf 83' lang='lat' dir='ltr'><strong>Numquim</strong></span> <span class='ocrx_word' id='word_1_228' title='bbox 454 3449 586 3508; x_wconf 81' lang='lat' dir='ltr'><strong>cessauit</strong></span> <span class='ocrx_word' id='word_1_229' title='bbox 601 3447 715 3510; x_wconf 83' lang='lat' dir='ltr'><strong>dicere.</strong></span> <span class='ocrx_word' id='word_1_230' title='bbox 739 3448 794 3509; x_wconf 77' lang='lat' dir='ltr'><strong>Dr.</strong></span> <span class='ocrx_word' id='word_1_231' title='bbox 812 3447 880 3515; x_wconf 84' lang='lat' dir='ltr'><strong>Ohe</strong></span> <span class='ocrx_word' id='word_1_232' title='bbox 898 3444 1016 3510; x_wconf 72' lang='lat' dir='ltr'><strong>desine</strong></span> 
     </span>
    </p>
   </div>
   <div class='ocr_carea' id='block_1_3' title="bbox 0 0 1239 4036">
    <p class='ocr_par' dir='ltr' id='par_1_3' title="bbox 0 0 1239 4036">
     <span class='ocr_line' id='line_1_34' title="bbox 0 0 1239 4036; baseline 0 0"><span class='ocrx_word' id='word_1_233' title='bbox 0 0 1239 4036; x_wconf 95' lang='lat' dir='ltr'><strong> </strong></span> 
     </span>
    </p>
   </div>
  </div>
 </body>
</html>
