2468 4036
477 243 767 306 EVNVCHVS.
965 245 1135 299 11130-32

214 418 276 481 Vbi
297 419 387 497 ιιέιιί,
409 434 546 494 causum,
567 421 602 475 ut
623 416 666 474 ibi
687 430 860 491 manerem,
882 415 1040 495 rdpperit:

214 515 268 575 Ait
286 517 354 576 rem
377 512 512 574 diuinam
532 513 646 574 fdcisse
668 519 702 572 et
722 529 789 571 rem
812 511 924 572 serium

215 611 309 676 Velle
331 617 423 692 sigere
440 630 569 672 mecum.
604 612 664 670 iim
682 616 747 670 tum
769 615 837 670 erut
858 610 999 690 suspitio,

215 711 293 772 Duld
317 709 396 772 mulo
418 710 496 770 haec
515 710 587 769 fleri
609 709 717 769 dmniu.
749 709 816 789 ipsu
836 706 1024 768 udcismbere
1086 717 1137 770 515

217 810 359 889 Mecum,
382 809 458 869 mihi
479 827 549 868 sese
571 806 662 886 dire,
684 826 858 868 sermonem
881 808 1041 885 quaerere.

215 909 277 971 Vbi
295 909 407 987 friget,
428 908 490 968 huc
512 908 626 985 euicit,
648 926 738 986 quum
759 903 882 987 priddm
902 910 992 985 puter

214 1004 296 1066 Mihi
318 1011 351 1065 et
373 1009 472 1065 miter
493 1005 607 1065 mortui
628 1006 742 1064 dssent.
785 1001 871 1081 dicu,
892 1003 953 1062 itm
974 1001 1035 1063 diu.

215 1102 279 1164 Rus
299 1101 388 1164 Sunii
409 1100 530 1181 ecquod
544 1102 674 1162 hdbeum
696 1108 729 1163 et
750 1120 840 1181 quum
860 1099 955 1179 lunge
976 1101 1095 1160 dmsri.

217 1199 319 1263 credo
339 1202 369 1259 ei
386 1197 513 1280 placere
534 1200 609 1276 hoc,
631 1200 737 1278 sperat
757 1217 791 1263 se
814 1217 894 1259 ame
916 1194 1065 1258 uudllere.
1088 1205 1139 1259 520

217 1296 397 1375 Postrdmc,
420 1316 517 1376 ecqua
538 1295 612 1356 lnde
632 1301 728 1376 pirna
751 1298 900 1377 periisstt
921 1316 1028 1372 scrur;

215 1397 330 1475 Ecquis
352 1415 420 1456 cum
442 1413 478 1455 eu
500 1414 576 1470 unc;
600 1393 675 1474 quid
693 1396 867 1475 habuisset,
891 1398 981 1475 qudm
1000 1396 1100 1476 perit3

216 1493 331 1571 Ecquis
353 1511 421 1553 enm
441 1497 548 1572 posset
565 1493 705 1552 ndscere.
742 1493 819 1553 haec
843 1513 920 1571 quor
942 1491 1119 1572 quaeritet?

215 1590 283 1653 Nisi
304 1592 330 1652 si
352 1589 406 1651 illa
425 1591 508 1651 forte
529 1609 607 1670 quse
629 1588 701 1650 dllm
721 1592 816 1671 periit
836 1592 973 1672 perucia,

216 1687 293 1748 Eum
313 1689 384 1748 sdse
404 1686 540 1748 intendit
559 1689 645 1765 tuse,
666 1688 742 1748 utist
760 1686 894 1749 auddcic.
1087 1696 1141 1751 525

217 1785 334 1849 Verum
356 1787 392 1845 es
413 1786 439 1845 si
460 1785 554 1864 uiuit,
576 1789 673 1844 dunos
693 1789 794 1844 natust
814 1783 959 1864 sddecim,

218 1884 288 1945 Nun
307 1885 420 1944 mdicrc
442 1882 548 1962 Thais,
572 1887 662 1962 quim
684 1901 740 1960 ego
761 1903 843 1958 sum,
865 1880 1071 1944 maiisculust.

216 1983 305 2045 Misit
325 2002 420 2063 porro
443 2001 549 2059 crure,
572 1983 607 2041 uit
628 1983 782 2059 uenirem,
805 1982 895 2042 serio.

216 2083 279 2142 Ant
301 2079 384 2140 dicut
405 2079 485 2160 quod
506 2079 573 2140 uolt
595 2081 648 2140 suit
668 2076 799 2140 molesta
820 2080 862 2139 nd
880 2081 949 2139 siet.

215 2179 284 2240 Nun
316 2176 424 2239 hercle
462 2180 583 2239 nenium
622 2179 728 2241 tdrtic.
786 2179 863 2240 heus
900 2179 994 2257 heus,
1032 2181 1140 2259 ecquis

581 2278 655 2338 hic?
702 2270 704 2273 ’
781 2358 783 2362 .
1088 2287 1141 2342 5³0

88 2386 115 2428 ²⁵
216 2377 282 2455 Ego
305 2376 372 2436 sim
394 2376 551 2438 Chremes.
595 2376 650 2442 Ρι.
675 2374 1139 2458 Ocipituiumlepidissumum.

135 2474 192 2538 (iu.
218 2474 294 2533 Dico
317 2475 374 2553 ego
396 2474 438 2534 mi
459 2473 586 2535 insidias
607 2475 702 2535 fierit
745 2475 799 2534 Ρι.
823 2475 917 2535 Thais
939 2476 1076 2532 minumc

219 2571 266 2632 Te
289 2574 397 2633 ortbct
418 2591 528 2653 opere,
551 2579 586 2634 ut
608 2576 675 2634 crde
695 2571 827 2634 redires.
871 2572 929 2632 Cu.
952 2570 1017 2631 Ruis
1036 2589 1084 2630 eu.

133 2670 188 2730 Pu.
216 2669 279 2731 Fsc
301 2649 442 2731 ιιιιιίίιο.ι
459 2671 516 2731 011.
537 2671 606 2731 Non
627 2689 767 2751 possum,
789 2673 921 2749 inquam.
964 2668 1020 2726 Pu.
1043 2668 1086 2727 At
1106 2673 1141 2727 tn

590 2765 670 2848 apud
688 2786 744 2827 nos
762 2767 813 2827 hic
832 2785 932 2844 mune,

220 2865 299 2925 Dum
330 2863 440 2925 redeat
465 2867 541 2944 ipss.
584 2865 641 2928 Cu.
664 2863 716 2925 ΝΠ
737 2867 844 2926 minus.
889 2864 943 2924 Ρι.
968 2864 1070 2940 Quor,
1099 2863 1142 2921 mi

589 2962 760 3022 Chremes?
1089 2967 1142 3021 535

92 3068 118 3110 ³⁰
136 3059 194 3122 Gn.
218 3055 334 3118 Malim
360 3076 428 3119 rem
448 3059 521 3117 hinc
544 3058 627 3118 ibis?
675 3059 731 3121 Pu.
760 3059 793 3120 Si
813 3060 892 3119 istuc
919 3059 963 3118 itu
990 3056 1144 3117 certimst

582 3158 651 3238 tibi,

220 3255 337 3314 Amdbc
358 3260 392 3314 ut
411 3252 485 3314 illuc
506 3259 646 3318 trinsecus
668 3258 721 3317 ubi
741 3255 836 3318 illisi.
864 3255 939 3315 von.
960 3252 1019 3313 Eu.

135 3351 192 3412 l'u.
220 3351 296 3432 Abi,
317 3351 442 3422 Durius,
470 3353 531 3412 citu
552 3354 634 3414 hinc
656 3352 775 3415 deduce
795 3349 834 3413 ad
855 3349 994 3413 militem.
