2468 4036
412 246 522 309 v1rn
552 244 781 309 TERENTH.
1082 257 1102 318 5

89 420 295 477 adulescentuli
313 420 406 487 luere,
424 437 508 492 quam
519 420 643 492 Sulpicio
662 420 756 488 Gallo,
772 421 887 478 homino
905 423 987 480 docto
1004 429 1031 481 et
1048 443 1102 498 quc

93 506 208 561 consula
224 503 299 561 ludis
310 501 511 576 Mepalenss'bus
527 505 635 560 initium
652 505 750 561 lecerit
761 505 916 563 fabularum
933 507 1101 579 dandarum,

92 591 138 645 uel
150 589 184 657 Q.
195 589 281 644 Fabio
293 588 421 643 Labeone
433 594 461 644 et
470 589 509 643 M.
522 589 657 660 Popillio,
679 590 821 646 consulari
832 597 950 663 utroque
961 609 994 649 ae
1006 599 1101 666 poeta.

46 692 63 706 .,
91 672 158 728 ldeo
171 674 264 744 ipsum
275 687 331 727 uon
343 671 460 728 iuuenes
474 672 656 745 designasse,
672 673 719 744 qui
732 689 762 730 se
775 673 919 732 adiuuisse
932 676 1100 746 dicerentur,

92 755 145 813 sed
162 758 253 824 uiros,
271 772 388 827 quorum
404 772 520 828 operam
536 762 563 812 et
581 757 611 812 in
626 758 700 813 bello
718 762 746 813 et
762 759 792 813 in
808 760 864 814 olio
888 764 915 814 et
936 761 965 816 in
987 763 1129 834 negotios

89 842 212 912 populus
230 840 266 895 sit
280 844 423 911 expertus.

175 938 242 992 Post
259 935 349 993 editas
363 936 541 1004 comoedias,
561 937 686 993 nondum
698 937 823 1008 quintum
833 944 915 1010 atque
928 939 1101 1012 trigesimum

91 1035 226 1093 egressus
236 1037 348 1089 annum,
361 1036 449 1077 causa
461 1020 609 1077 euitandae
622 1021 771 1092 opinionis,
785 1038 840 1093 qua
851 1022 998 1080 uidebatur
1010 1025 1101 1080 aliena

89 1121 143 1178 pro
161 1106 220 1161 suis
239 1105 339 1173 edere,
359 1119 411 1161 seu
427 1104 603 1176 percipiendi
615 1104 785 1160 Graecorum
803 1105 927 1163 instituta
940 1123 1100 1180 moresque,

92 1205 163 1260 quos
174 1189 291 1261 perinde
303 1189 471 1261 exprimeret
483 1188 511 1243 in
524 1188 650 1261 scriptis,
674 1203 807 1261 egressus
828 1192 924 1246 urbem
947 1196 990 1247 est
1010 1205 1100 1260 neque
1114 1201 1147 1254 ιο

92 1273 212 1345 amplius
227 1271 319 1329 rediit.
342 1272 383 1327 De
398 1277 490 1328 morte
502 1274 564 1330 eius
577 1274 723 1331 Volcatius
739 1275 780 1330 sic
794 1275 893 1331 tradita

134 1355 193 1413 Sed
201 1361 232 1412 ut
242 1342 309 1413 dier
321 1371 373 1412 sex
383 1358 488 1429 populo
501 1355 590 1413 edidit
604 1355 776 1425 comoedias,

132 1440 187 1495 Iter
197 1436 263 1497 hinc
275 1442 305 1496 in
315 1442 416 1497 Asiam
427 1440 502 1496 lecit.
535 1441 629 1496 neuim
640 1440 725 1512 qudm
738 1443 826 1497 semel

135 1522 320 1594 Conscendit,
333 1526 414 1582 uisus
424 1529 613 1597 numquamst.
635 1525 677 1580 sio
688 1522 746 1581 uita
758 1530 850 1582 uacat.

91 1608 125 1677 Q.
147 1607 303 1666 Cosconius
320 1609 482 1665 redeuntem
502 1626 518 1664 e
533 1609 652 1666 Graecia
668 1610 779 1680 perisse
795 1610 824 1664 in
836 1602 852 1641 *
864 1611 934 1666 mari
951 1610 1018 1666 dicit
1036 1627 1099 1667 cum
1112 1620 1144 1672 15

92 1698 202 1749 eentum
222 1700 249 1749 et
265 1699 328 1750 ooto
341 1695 442 1750 labulis
461 1694 607 1750 conuersis
626 1693 821 1749 allienandro.
855 1693 945 1751 Ceteri
962 1699 1101 1751 mortuum
1111 1699 1153 1768 (5)

91 1792 157 1833 esse
176 1778 204 1832 in
220 1777 346 1834 Arcadia
358 1777 515 1850 Stymphali
526 1770 543 1808 *
554 1777 618 1832 sinu
634 1771 823 1833 leocadiae*
838 1778 951 1834 tradunt
969 1777 1019 1835 Cn.
1035 1776 1101 1834 Cor·
1118 1787 1141 1824 θ

91 1860 165 1916 nelio
186 1861 332 1918 Dolabella
353 1862 391 1917 M.
414 1861 513 1917 Fuluio
535 1860 678 1917 Nobiliore
703 1860 880 1931 consulibus,
904 1863 1002 1918 morbo
1020 1863 1100 1933 inpli-

91 1945 176 2001 citum
195 1945 253 2001 acri
272 1960 310 2001 ecc
327 1946 424 2001 dolore
441 1961 474 2001 ac
490 1944 583 2000 taedio
596 1945 763 2001 amissarum
776 1946 965 2013 sarcinarum,
988 1947 1100 2016 quasin

91 2029 158 2084 naui
182 2030 384 2101 praemiserat,
411 2045 445 2086 ac
469 2029 552 2085 simul
575 2031 743 2098 tabularum,
773 2045 843 2100 quas
869 2045 961 2087 nouas
984 2031 1145 2088 leceratbtt

90 2111 192 2168 Fuisse
210 2113 311 2170 dieitur
328 2113 463 2168 mediocri
482 2118 603 2182 statura,
623 2114 722 2185 gracili
743 2129 875 2186 corpore,
901 2116 995 2170 colore
1008 2115 1099 2170 lusco.

92 2196 214 2268 Reliquit
233 2196 334 2267 filiam,
354 2213 427 2269 quae
442 2203 507 2270 post
525 2198 611 2268 equiti
621 2197 750 2253 Romano
770 2200 879 2270 nupsit:
895 2200 960 2255 item
972 2199 1099 2255 hortulos

92 2280 192 2352 uiginti
204 2282 334 2353 iugerum
344 2283 393 2338 uia
403 2283 497 2354 Appia
514 2280 552 2337 ad
562 2282 658 2337 llllartis
674 2283 811 2351 [uillam].s
838 2283 898 2352 Quo
910 2283 1001 2356 magis
1013 2283 1099 2338 miror

92 2365 222 2420 Porcium
234 2365 371 2422 scribere:

601 2451 640 2504 nil
651 2449 764 2506 Ptiblius
1111 2458 1145 2510 25

137 2528 233 2604 Scipio
245 2532 365 2605 proluit,
377 2533 416 2588 nil
428 2534 454 2590 ei
466 2532 591 2601 Laelius,
604 2535 643 2588 nil
653 2534 763 2600 Fidius,

134 2613 204 2671 'l'res
215 2633 266 2688 per
279 2616 354 2672 idem
365 2617 476 2690 tempds
488 2617 535 2689 qui
547 2618 688 2687 agitabant
699 2616 807 2673 ndbiles
819 2614 977 2674 facillume:

135 2697 238 2754 Eorum
250 2701 294 2756 ille
307 2701 441 2773 operans
454 2701 568 2756 domum
580 2700 695 2770 quidem
705 2698 802 2756 habuit
815 2696 1029 2769 conducticiam,

74 2803 78 2810 <
136 2780 240 2838 Sa'ltem
252 2790 281 2841 ut
292 2790 368 2841 esset
379 2785 434 2857 qud
447 2785 564 2840 relerret
575 2785 680 2840 obitum
692 2783 796 2840 domini
810 2783 948 2840 se'ruolus.

176 2867 256 2924 Hunc
267 2869 403 2926 Afranius
424 2868 537 2942 quidem
556 2870 685 2924 omnibus
701 2868 817 2925 oomiois
833 2869 957 2941 praefert
974 2868 1100 2924 scribens
1110 2874 1145 2928 30

91 2951 120 3006 in
133 2949 349 3024 Compitalibus:

135 3033 264 3092 Terentio
276 3052 334 3092 non
347 3032 466 3093 similem
479 3037 558 3092 dices
571 3036 741 3109 quempiam.

90 3117 237 3176 Volcatius
260 3126 353 3177 autem
375 3137 431 3176 non
449 3122 540 3176 solum
556 3122 664 3177 Naeuio
687 3127 713 3175 et
724 3122 820 3176 Plauto
844 3127 871 3177 et
888 3120 1025 3191 Caecilio,
1049 3119 1100 3178 sed

91 3201 197 3258 Licinio
214 3220 326 3277 quoque
344 3211 371 3259 et
387 3205 472 3262 Atilio
490 3207 642 3277 postponit.
677 3204 773 3261 Cicero
793 3206 944 3262 inbimone
963 3206 1100 3262 hactenus

90 3286 201 3344 laudat:
1110 3293 1146 3350 35

133 3371 175 3427 Tu
186 3389 314 3446 quoque,
328 3374 375 3444 qui
387 3375 465 3430 solus
476 3374 549 3429 lecto
563 3391 709 3443 sermone,
721 3374 842 3442 Terenti,

134 3453 309 3514 Conuersum
320 3473 544 3530 expressumque
557 3458 654 3515 Latina
664 3474 735 3514 uoce
746 3458 933 3513 Menandrum
