2468 4036
71 3642 88 3719 ,ι

177 236 240 298 310
579 235 787 296 ADELPlll.
991 239 1188 294 111434-65

261 418 444 495 Praeterea,
463 423 497 477 ut
515 427 621 497 captus
639 419 687 477 eat
702 434 881 493 seruorum,
905 418 967 474 ndn
985 414 1084 474 malus
1135 425 1188 480 480

138 540 163 582 aa
260 515 368 594 Neque
382 515 483 576 luera:
506 514 561 575 alit
575 515 663 594 illaa,
686 514 769 576 adlua
785 532 906 574 omnem
920 511 1068 573 familiam

263 614 437 674 Sustentata
458 616 540 674 hunc
556 612 690 692 abdrice,
710 615 810 690 uinci,
834 613 1040 689 quaererem.

178 715 235 776 Ga.
261 713 354 774 Immo
370 710 478 773 hercle
493 717 660 791 extorque,
681 713 742 772 ulai
756 713 800 772 ita
815 710 977 786 factumst,
997 709 1132 783 Demea3

261 811 424 871 Postremo
440 828 503 870 non
517 810 657 887 negtbitt
675 829 777 869 coram
790 808 891 888 ipaaim
907 806 994 867 cedo.
1081 819 1085 826 ’

179 911 233 972 Da.
261 908 378 968 Pudet:
400 927 459 969 nec
475 906 549 986 qnid
564 925 649 986 agam
670 908 771 987 neque
792 905 866 985 quid
885 907 957 966 hnic
978 902 1181 985 reapdndeam

139 1025 164 1064 ao
263 1007 344 1068 scia.
365 1005 422 1068 ΡΑ.
438 1007 587 1067 Miseram
601 1025 666 1085 me,
688 1005 818 1066 dlfferor
834 1004 1002 1069 doldribua.
1134 1013 1182 1068 486

261 1108 335 1167 lund
347 1107 479 1183 Lucina,
496 1105 546 1165 ier
561 1123 667 1185 opem:
690 1124 781 1164 aeraa
795 1123 844 1165 me
859 1105 998 1165 dhreora.
1019 1104 1081 1164 lln.
1094 1103 1183 1180 Hem,

260 1204 340 1265 Num
352 1224 420 1264 nam
432 1202 487 1263 llla
499 1221 611 1282 quaeso
625 1202 781 1282 parturiti²
795 1202 853 1263 Ga.
865 1199 971 1278 Certe,
987 1201 1101 1279 Hegio.
1124 1200 1184 1260 lla.

629 1301 727 1360 Hem:

259 1399 354 1460 lllaec
368 1399 462 1459 tidem
477 1418 558 1458 nunc
573 1400 709 1458 ndstram
724 1398 877 1480 inploret,
896 1398 1022 1476 Demea,

261 1496 351 1577 Quod
363 1498 412 1558 iria
428 1517 483 1558 noa
498 1498 597 1576 cogit,
618 1496 652 1557 id
667 1496 826 1557 uoluntate
839 1500 987 1578 inpetret.
1134 1508 1184 1562 490

259 1597 345 1656 llaec
358 1598 490 1676 primum
504 1603 538 1655 ut
552 1596 628 1655 fiant
641 1593 717 1655 deda
734 1613 847 1675 quaeso
863 1602 899 1656 ut
914 1598 1001 1656 uobis
1019 1595 1122 1655 decet.

260 1693 314 1754 Sin
330 1692 422 1754 tliter
440 1695 556 1754 animus
571 1694 678 1754 nister
693 1698 757 1772 eat,
780 1712 855 1773 ego,
874 1694 998 1774 Demea,

259 1792 382 1853 Snmmt
394 1793 426 1851 ui
443 1789 607 1852 defendam
621 1792 700 1851 htuc
717 1797 808 1871 atque
822 1790 911 1852 illum
925 1796 1091 1854 mortuom.

260 1891 417 1969 (logndtua
432 1890 508 1950 mihi
524 1895 607 1949 erat:
629 1890 689 1950 ιἰιιιι
704 1909 721 1948 a
734 1891 840 1969 pueris
856 1889 993 1970 ptruolia

261 1988 371 2048 Sumus
389 1985 509 2048 educti:
531 2007 590 2047 una
606 1989 729 2067 semper
744 1986 874 2048 militiae
890 1991 922 2049 et
937 1989 1018 2050 domi
1134 2003 1182 2057 495

137 2105 162 2146 ao
259 2085 402 2144 Fuimriaz
421 2089 635 2162 paupertatem
650 2085 710 2143 rina
725 2084 909 2162 pertulimus
925 2106 1061 2164 grauem.

257 2181 454 2258 Quapropter
468 2179 566 2255 nitar,
584 2179 710 2258 liciam,
734 2184 893 2262 experiar,
917 2184 1053 2265 denique

255 2275 395 2334 Animtm
412 2272 584 2353 relinquam
597 2277 700 2355 pdtiua
717 2298 806 2356 quam
819 2277 891 2341 illas
907 2280 1059 2343 deseram.

133 2395 159 2436 aa
256 2370 338 2448 Quid
349 2372 424 2432 mihi
435 2370 629 2452 responderi
642 2373 849 2437 Dnllrttrem
860 2382 1051 2459 conueniam,
1069 2382 1180 2462 Hegio.

133 2495 158 2536 aa
171 2469 230 2530 lla.
255 2469 335 2549 Sed,
357 2471 487 2550 Demea,
509 2473 568 2532 hoc
582 2480 617 2533 tu
631 2474 725 2534 licito
742 2494 810 2535 cum
825 2478 925 2537 animo
942 2480 1072 2558 cogites,
1132 2493 1182 2546 500

256 2568 354 2644 Quam
368 2571 423 2628 uda
436 2567 594 2631 facillume
610 2572 715 2650 igitir,
736 2592 825 2651 quam
840 2575 915 2635 ertia
932 2580 1074 2638 maxume

255 2668 404 2728 Potentes
423 2667 503 2728 diter
519 2669 669 2729 fdrtnnati
684 2660 816 2750 nibilea,

256 2765 333 2826 'l'am
347 2770 484 2827 maxume
502 2786 557 2826 noa
572 2768 670 2852 aequo
687 2771 785 2829 animo
801 2789 898 2849 aequa
911 2771 1043 2831 ndscere

255 2862 406 2942 Oportet,
427 2862 453 2922 ai
467 2881 523 2923 uoa
539 2862 631 2925 udltis
646 2867 808 2945 perhiberi
824 2868 949 2947 probor.

129 2977 156 3020 oo
170 2958 225 3018 Da.
254 2957 383 3018 laento:
404 2961 482 3019 fient
499 2963 577 3039 qnae
592 2962 663 3022 fieri
679 2971 838 3043 aequomst
853 2967 961 3026 dmnia.
1131 2981 1180 3033 505

169 3056 230 3116 lla.
253 3055 352 3116 Decet
365 3063 398 3115 tc
413 3057 528 3119 facere.
552 3061 649 3139 Geta,
672 3060 730 3122 duc
745 3082 795 3123 me
809 3065 892 3124 intro
909 3064 948 3125 ad
961 3063 1152 3147 Sostratam.

169 3155 225 3217 Da<
250 3155 319 3216 Non
335 3174 384 3216 me
400 3153 558 3218 indicente
572 3159 649 3219 haec
663 3160 760 3221 flunt:
783 3163 899 3224 utinam
916 3165 967 3224 hic
983 3167 1025 3225 ait
1041 3166 1140 3228 modo

252 3254 452 3315 Defunctum:
473 3274 582 3317 uemm
596 3260 688 3319 nimia
702 3257 792 3322 illaec
806 3259 935 3324 licentia

252 3351 399 3413 Profecto
418 3351 522 3414 euadit
535 3357 568 3415 in
583 3354 706 3436 aliquod
721 3361 862 3439 magnum
878 3357 999 3422 malum.

127 3462 155 3505 ιι
250 3449 304 3510 lbo
319 3455 354 3511 tc
368 3451 524 3532 requiram
539 3454 678 3535 frdtrem,
695 3459 857 3520 utineam
871 3460 948 3519 haec
960 3461 1116 3528 enomam.
1129 3476 1178 3528 51⁰
