2468 4036
179 264 242 329 144
424 262 610 325 HEAVTON
631 260 920 324 imouvnltnos.
956 268 1010 322 113
1023 269 1138 322 lte-4
1154 272 1186 324 12

128 467 166 511 ιω
179 450 265 512 cum.
288 448 351 511 Vbi
374 447 470 509 sinti
499 466 577 525 quor
597 445 739 506 retines?
766 443 819 506 Su.
839 445 902 506 iim
922 463 1004 505 nune
1024 445 1103 506 haec
1123 466 1187 508 non

636 544 686 603 <ist
707 550 767 602 tua.

180 647 266 708 (inin.
291 641 612 724 Scimipudputrem:
634 642 904 702 stnuncinterim.
929 641 982 703 Su.
997 640 1069 701 Nili
1080 645 1186 722 magis.

180 745 265 808 Gmn.
288 743 370 803 Sine.
407 742 461 804 Su.
482 741 551 802 Ndu
573 741 670 801 sinum
691 741 824 820 inquam.
856 740 943 801 (ium.
968 741 1088 818 Quutso
1110 761 1185 823 puu-

635 837 743 918 lisper.
766 838 819 899 Su.
837 838 928 900 Veto.

181 941 267 1003 Cum.
289 937 404 998 Saltim
426 935 566 998 sulutem.
589 938 641 996 Su.
658 921 760 997 iibens
778 937 805 997 si
825 934 933 1016 sapitis.
958 937 1044 998 (inm.
1060 937 1121 997 Eo:

265 1035 347 1115 Quid
367 1035 460 1096 istic?
488 1035 541 1096 Su.
562 1034 732 1122 Manebit.¹
752 1034 839 1094 (inm.
863 1034 1028 1094 Himinem
1048 1031 1182 1094 felicem.

639 1133 691 1193 Su.
709 1125 849 1193 Ambule.
1134 1141 1184 1196 380

257 1302 438 1364 Bsuusus.
482 1301 716 1363 [immunius.
761 1301 913 1362 (inmun.
959 1299 1093 1362 Suuvs.

112 1435 168 1491 114
182 1427 239 1489 us.
266 1409 389 1506 Edepol
411 1432 461 1503 te,
486 1443 555 1485 mes
568 1424 745 1506 Antiphila,
769 1425 862 1487 laudo
884 1432 917 1487 et
933 1427 1120 1488 idrtunutem
1138 1425 1186 1484 iii-

637 1521 718 1600 dicu,

262 1606 299 1683 id
319 1629 352 1683 iu
374 1641 464 1702 quum
487 1619 648 1700 studuisti,
676 1623 795 1683 formae
820 1628 856 1684 ut
880 1625 982 1684 mines
1009 1620 1186 1684 consimiles

637 1722 759 1782 forent:

264 1819 476 1900 Miuumeque,
499 1820 543 1880 its
561 1838 610 1879 me
634 1818 666 1879 di
688 1827 800 1899 ament,
822 1821 919 1880 miror
935 1822 963 1880 si
979 1827 1012 1880 te
1029 1820 1088 1880 sibi
1103 1820 1188 1897 quis-

640 1937 700 1997 que
716 1920 843 1998 expetit.

262 2016 338 2079 Ntm
350 2017 436 2094 mihi,
445 1997 536 2095 quuie
547 2016 704 2093 ingenium
717 2017 862 2095 haberes,
871 2016 931 2077 fuit
941 2015 1058 2076 indicio
1071 2016 1187 2075 oritis:

263 2097 305 2173 lit
327 2132 417 2192 quum
438 2118 563 2191 egomet
581 2132 662 2173 nunc
682 2115 800 2175 mecum
821 2116 855 2175 in
876 2115 975 2175 animo
995 2117 1088 2174 uitem
1103 2120 1189 2172 tuum

637 2212 802 2273 considero
1136 2221 1190 2275 385

266 2294 470 2389 Omniumque
491 2306 568 2370 edei
589 2316 774 2392 nostrarum,
795 2309 905 2390 uilgus
922 2327 1000 2390 quse
1022 2310 1059 2369 eb
1081 2326 1116 2369 se
1139 2310 1190 2367 se-

635 2416 775 2489 eruant,

263 2488 380 2566 lituos
402 2524 471 2568 esse
493 2507 582 2567 istius
603 2505 686 2567 modi
707 2512 740 2567 et
766 2526 823 2568 nus
849 2509 910 2567 nin
932 2524 1001 2568 esse
1026 2503 1109 2565 haud
1131 2505 1191 2563 mi-

637 2603 785 2666 ribilest:
859 2639 860 2642 =

263 2701 340 2762 Num
359 2701 486 2783 expedit
506 2704 602 2764 bonus
625 2703 694 2763 esse
715 2704 822 2777 uobis;
842 2702 916 2779 nis,
939 2700 1120 2780 quibuscum
1139 2705 1192 2758 est

636 2819 706 2880 res,
728 2802 790 2861 nin
811 2801 934 2860 sinunt:

264 2897 386 2977 Quippe
407 2898 507 2959 formu
528 2895 646 2978 inpulsi
667 2906 774 2959 nostru
792 2900 849 2959 ntis
871 2897 1023 2958 amatores
1046 2892 1178 2970 colunt:-

261 2993 350 3055 Hnee
371 2995 424 3054 ubi
445 2996 643 3076 inminutust,
664 2994 714 3056 illi
735 3000 822 3058 sium
845 2999 978 3059 animum
1000 2993 1060 3056 ulio
1082 2995 1191 3054 etinfe-

632 3099 724 3170 runt3
1135 3103 1192 3156 390

261 3188 328 3249 Nisi
350 3191 377 3250 si
395 3197 592 3273 prospectum
614 3194 736 3254 interes
756 3192 874 3274 aliquid
895 3197 954 3275 est,
978 3193 1123 3256 desertae
1142 3194 1192 3251 ui-

630 3295 739 3356 uimus.

263 3384 363 3453 deis
382 3409 451 3450 cum
470 3409 531 3453 uno
551 3392 650 3454 semel
667 3395 720 3454 ubi
737 3398 871 3455 aetutem
885 3399 979 3474 igere
995 3389 1192 3452 decretumst

650 3493 733 3554 uiro:
