2468 4036
155 194 217 260 172
409 189 598 254 HEAVTON
620 184 909 251 iliioflvmssdus.
953 189 1001 246 vl
1016 191 1165 246 79-214

238 378 297 453 Qui
314 377 373 437 tibi
386 395 436 436 me
451 395 509 456 pru
527 371 700 435 deridiculo
717 390 751 430 uc
767 367 996 431 delectamenti
1010 375 1114 450 putet.

113 497 139 537 eo
237 473 322 552 Ndu‚
344 475 388 534 itu
407 492 457 534 me
476 472 508 532 di
532 471 648 548 ament,
675 467 805 529 auderet
823 468 930 528 ficere
950 467 1028 527 haec
1048 465 1164 528 uiduae

611 566 745 643 ministri,

239 671 324 746 Quae
340 672 373 729 in
388 688 438 728 me
452 669 537 728 fecit.

210 837 413 899 Gululuno.
442 835 700 897 Muuuuuuvs.
733 833 925 892 (inuuunt,
960 830 1099 893 Suus.

85 960 136 1014 Ἡ
437 964 490 1023 Gt.
505 946 591 1022 itanc
606 957 732 1019 tandem
750 958 862 1038 quaeso
879 964 937 1036 est,
959 957 1162 1040 Menedeme‚

611 1058 647 1117 ut
666 1061 756 1136 puter

238 1156 315 1217 Tum
337 1160 370 1215 iu
385 1157 476 1217 breui
495 1156 594 1236 spatio
611 1156 733 1214 dmnem
749 1152 788 1213 de
808 1171 858 1212 me
877 1154 1008 1213 eiecerit
1026 1154 1163 1214 mimium

611 1255 733 1334 putris?
1110 1265 1162 1319 955

238 1352 328 1429 Qudd
347 1372 417 1412 num
439 1354 477 1412 ob
500 1353 638 1412 fectum?
661 1351 736 1430 quid
752 1370 809 1429 ego
825 1356 945 1412 tuntum
960 1350 1092 1413 sceleris
1108 1353 1163 1413 ad-

610 1453 680 1511 misi
698 1451 815 1515 miser?

238 1550 337 1631 lego
358 1553 485 1616 fuciunt.
513 1552 578 1614 Mu.
595 1551 666 1612 Scio
682 1553 741 1612 tibi
763 1570 832 1612 esse
848 1552 908 1612 hoc
924 1552 1048 1632 grduius
1063 1551 1162 1614 multo

611 1671 646 1710 uc
664 1647 781 1728 dirius,

127 1769 140 1808 5
240 1749 319 1824 Quoi
333 1749 383 1807 fit:
403 1766 512 1808 uerum
526 1765 584 1826 ego
601 1745 684 1807 haid
699 1747 799 1807 minue
814 1764 907 1826 aegre
921 1747 1033 1827 pitior,
1056 1745 1090 1806 id
1109 1749 1164 1826 qui

234 1849 237 1855 ’
608 1845 714 1905 nescio

238 1943 304 2002 Nec
323 1944 476 2002 rationem
497 1943 602 2023 cepio,
623 1944 685 2002 nisi
708 1940 790 2022 quod
809 1943 868 2002 tibi
889 1943 970 2002 bene
997 1960 1035 2002 ex
1060 1942 1162 2002 euimd

610 2039 694 2100 uolo,

155 2141 208 2200 Gi.
236 2140 294 2199 Hic
315 2145 436 2218 patrem
458 2145 558 2198 uetare
581 2140 674 2198 essius,
702 2138 767 2198 Mu.
784 2137 909 2200 Eccum,
937 2138 995 2200 cn.
1012 2137 1094 2214 Quid
1110 2157 1162 2198 me
1207 2210 1212 2219 .

611 2238 742 2314 incusas,
766 2233 926 2316 cliciphot
1109 2245 1163 2299 960

238 2333 395 2413 Quidquid
416 2353 473 2413 ego
494 2335 584 2395 huius
605 2334 684 2411 ieci,
711 2332 769 2392 tibi
788 2331 935 2414 prospexi
956 2337 988 2392 et
1008 2329 1163 2392 stultitiud

609 2439 691 2492 tuae.

236 2516 300 2593 v'bi
314 2538 347 2591 te
363 2529 428 2592 uidi
443 2532 541 2591 animo
558 2532 627 2591 esse
642 2530 754 2590 omisso
769 2536 802 2588 et
818 2528 922 2590 euduiu
935 2531 967 2588 in
981 2529 1162 2609 praesentia

115 2659 140 2700 ιο
238 2631 322 2707 Quae
340 2631 444 2690 essent
460 2632 559 2710 primu
573 2630 690 2689 hube're
704 2645 807 2707 neque
826 2625 991 2688 considere
1011 2628 1044 2686 in
1057 2625 1161 2706 longi-

610 2727 767 2788 tuidiuem:

237 2826 315 2905 Ge'pi
336 2826 505 2903 rationem,
529 2826 680 2904 sitneque
701 2843 812 2902 egeres
828 2824 931 2901 neque
945 2828 980 2883 ut
995 2823 1072 2882 huec
1087 2840 1161 2902 pos-

383 2910 388 2918 ’
607 2942 657 2982 ses
677 2922 823 3002 perdere.

236 3003 298 3079 ibi
322 3021 395 3099 quoi
415 3018 519 3079 decuit
538 3022 655 3099 primo,
677 3020 736 3079 tibi
756 3038 819 3078 non
838 3017 928 3079 licuit
949 3037 1006 3097 per
1025 3022 1059 3075 te
1081 3017 1160 3076 mihi

609 3115 694 3196 dure,
1105 3124 1159 3179 965

238 3197 308 3277 itii
325 3214 363 3277 ud
379 3216 570 3297 proxumlim‚
592 3215 651 3274 tibi
667 3216 818 3294 quierat:
841 3217 874 3277 ei
887 3215 1025 3275 commisi
1040 3219 1074 3273 et
1089 3211 1161 3274 ,eren

608 3313 682 3374 didi.

236 3400 282 3475 ibi
299 3421 370 3476 tuae
388 3411 536 3475 stultitiae
553 3432 676 3493 semper
694 3415 755 3475 erit
770 3409 969 3495 praesidium,
992 3409 1144 3491 Clitipho,
