2468 4036
88 269 138 321 ιιι
157 270 268 321 ls-so
505 263 670 324 HECYRA.
1024 261 1085 326 247

174 447 257 521 Quae
278 463 327 504 me
351 447 383 504 et
401 452 433 504 te
456 453 488 505 et
507 445 653 504 familidm
675 444 860 524 dedecoros,
883 445 950 507 filio
969 445 1088 506 luctdm

542 563 640 623 paros.
1036 554 1088 606 210

174 642 253 700 Tum
275 646 376 699 autem
396 642 433 700 ex
455 641 558 700 amicis
581 641 697 700 inimici
718 647 752 699 ut
779 641 840 699 sint
861 642 949 701 udbis
971 638 1087 699 adfines

541 738 628 815 facis,

172 839 230 915 Qui
245 834 336 898 illum
351 836 520 896 decrerunt
535 834 676 912 dignum,
699 853 770 892 suos
786 834 858 910 quoi
872 831 990 893 liberos
1007 854 1089 894 eom·
1103 859 1128 898 ιι

542 935 711 990 mitterent.

172 1031 222 1091 Tu
234 1031 299 1091 stilo
311 1047 452 1104 exorere,
471 1028 548 1105 quad
561 1027 727 1107 perturbes
741 1026 818 1084 hodo
832 1034 884 1085 tua
897 1023 1086 1104 inpudentia.

88 1129 138 1187 So.
169 1128 280 1206 Egon?
298 1127 354 1187 Lr.
371 1126 421 1185 Tu
436 1129 558 1204 inquom
576 1123 698 1203 mulier,
717 1127 794 1205 quoe
810 1141 859 1182 me
874 1125 996 1182 omniuo
1011 1121 1090 1203 ltpi-

543 1222 628 1301 dem,
650 1242 712 1282 non
726 1223 881 1282 hominem
898 1226 996 1300 putas.

172 1325 238 1402 Au,
272 1326 343 1402 quio
366 1323 432 1381 ruri
460 1340 528 1382 esse
553 1323 663 1380 crebro
686 1320 786 1399 soleo,
817 1321 940 1380 nescire
958 1319 1089 1378 arbitrt-

542 1420 618 1478 mini
1036 1426 1088 1479 215

172 1518 238 1594 Quo
254 1520 383 1595 quisque
396 1524 487 1597 proto
502 1517 553 1576 hio
569 1521 663 1576 uitem
679 1523 854 1577 nostrorum
870 1516 993 1595 exigat?

171 1616 273 1676 Midto
288 1615 398 1675 melius
417 1618 469 1676 hio
485 1636 562 1695 quae
582 1619 661 1677 fiunt
677 1637 766 1695 quam
787 1616 837 1676 illi
858 1617 909 1675 ubi
928 1635 993 1675 sum
1009 1615 1089 1676 adsi·
1102 1637 1128 1676 ro

542 1711 603 1772 due
617 1716 696 1772 scio:

171 1797 244 1871 ideo
268 1812 354 1889 quio,
375 1812 421 1870 uti
441 1810 523 1870 domi
543 1829 598 1869 nos
617 1811 660 1868 mi
681 1812 782 1888 eritis,
804 1809 934 1889 proinde
955 1828 1012 1889 ego
1033 1827 1087 1869 ero

549 1909 628 1968 iamt
646 1909 732 1971 foris.

170 2008 231 2066 idm
245 2007 365 2088 pridem
382 2008 525 2087 equidem
542 2006 645 2067 audiui
666 2008 785 2087 cepisse
802 2006 904 2066 odium
919 2008 965 2067 tui
978 2007 1087 2069 Philo-

541 2124 676 2165 menam:
777 2146 779 2150 -

171 2204 371 2282 Minmneque
397 2204 473 2264 adeo
499 2208 627 2279 mirum;
656 2210 689 2264 et
712 2205 744 2263 ui
767 2202 799 2264 id
823 2204 966 2282 iecisset,
995 2205 1090 2283 magis

543 2302 655 2361 minim
676 2302 769 2362 foret.
1038 2311 1090 2363 220

173 2397 235 2456 Se'd
253 2416 314 2457 non
334 2397 454 2463 credidi
473 2397 574 2477 dd'eo5
592 2406 627 2458 ut
647 2401 738 2459 etiam
758 2402 852 2459 tdtom
873 2402 951 2461 hanc
973 2400 1091 2461 odisset

542 2496 680 2556 domum:

173 2594 261 2669 Quid
283 2597 309 2653 si
331 2597 473 2671 scissem,
501 2592 558 2653 illo
574 2595 632 2669 phio
658 2602 797 2655 moneret
821 2597 939 2676 pdtius,
964 2603 998 2655 to
1019 2596 1091 2657 hine
1104 2613 1130 2653 ιι

541 2696 620 2753 isses
643 2695 736 2753 foros.

173 2773 214 2850 it
228 2791 317 2871 uide,
337 2813 425 2872 quam
441 2794 585 2852 inmerito
600 2789 761 2870 aegritudo
778 2792 853 2850 hoec
869 2792 968 2852 ‹iritur
981 2793 1023 2851 mi
1037 2792 1090 2852 obs

543 2898 592 2970 te,
615 2891 768 2952 Sdstrota:

171 2991 420 3051 Rornanorum
438 2992 514 3068 obii,
538 2989 712 3055 concedens
728 2990 816 3049 uobis
832 2994 864 3048 et
877 2989 925 3049 rei
940 2988 1090 3069 seruiens,

172 3088 245 3147 Med
259 3086 360 3148 labori
375 3088 457 3149 houd
470 3094 601 3169 ptreens
616 3095 743 3171 praeter
756 3090 885 3168 aequom
900 3093 992 3167 atque
1007 3092 1090 3147 oete·
1102 3112 1128 3152 ιι

543 3190 607 3248 tem
622 3207 730 3265 meum,
1038 3192 1090 3244 225

172 3283 316 3362 Sirmptus
334 3292 457 3345 uostros
473 3287 629 3365 otiumque
645 3292 680 3346 ut
692 3288 799 3345 ndstra
812 3304 864 3344 res
878 3284 984 3362 posset
998 3281 1073 3362 poti
1104 3309 1129 3351 2⁸

171 3380 237 3438 Non
260 3390 292 3440 te
310 3401 368 3460 pro
388 3383 438 3442 his
460 3388 583 3442 emisse
603 3384 714 3460 rebus,
746 3380 863 3461 nequid
888 3399 981 3459 segre
1007 3380 1091 3441 essdt
1104 3405 1130 3447 so

542 3481 632 3541 mihi!
