2468 4036
526 268 706 312 rnAnrA'rlo
1048 265 1097 312 vn

90 422 217 484 schelius
228 434 382 495 parerpon
393 417 416 477 I
427 434 460 493 p.
473 415 544 479 300.
561 415 617 498 qui
639 413 865 483 consularibus
880 414 966 480 ludis
988 435 1004 477 e
1023 417 1097 478 Oua.

177 514 271 598 8qua
281 515 405 576 Huriue
418 512 494 596 quin
506 532 521 572 ε
535 513 610 575 Oua.
699 512 860 576 10urbem
873 514 947 576 Oua.
962 509 1043 574 urbe
1059 515 1098 576 a.

90 614 241 675 Heinsius.
261 628 317 672 orn.
337 629 370 670 e:
390 611 433 682 of.
452 611 715 673 Drakenborenius
742 614 774 672 in
792 612 855 674 liv.
877 611 1048 672 XXVIIII
1069 608 1097 683 6,

48 784 51 788 ⁸
91 713 112 770 4
200 705 339 769 11siee.
359 707 505 769 anona.
594 706 632 767 12
655 704 746 770 dedit
759 709 885 770 Botdius
970 704 1099 767 15111*

90 801 279 890 1nari]nino
306 807 462 887 aberrasse
483 814 557 883 puto
582 808 673 869 verba
701 806 774 869 sinu
797 802 983 868 Leucadiae
1004 807 1097 885 o.17‚

24 902 31 916 ¹
91 921 168 981 puae
186 907 250 967 illie
264 911 419 966 mutarunt
439 903 508 965 siue
529 902 712 985 Leucadia,
734 908 814 967 unde
831 907 895 979 fuit
914 922 980 967 eum
1001 911 1098 980 ternp-

91 1009 186 1065 tarem
219 999 288 1063 siuo
322 998 474 1064 Leucadii
506 1006 582 1065 eant.
614 1005 768 1066 Pausania
802 1004 882 1066 VIII
900 1003 955 1075 25,
978 1000 1013 1063 2:
1046 1003 1101 1064 sed

90 1117 172 1162 nune
183 1100 261 1162 iilud
271 1100 430 1176 praefero,
451 1103 511 1161 nisi
520 1105 658 1176 praestat
670 1107 866 1178 transponere
881 1097 1005 1182 perisso
1017 1097 1098 1159 mari

92 1196 128 1259 in
151 1196 225 1258 sinu
251 1192 437 1259 Leucadiae
466 1193 546 1259 dicit
632 1198 671 1259 16
698 1217 719 1258 a
742 1194 922 1259 Menandro
945 1214 975 1272 ε,
1002 1197 1098 1257 Mad-

94 1296 190 1368 vietur
210 1297 241 1355 in
264 1294 321 1355 Cio.
344 1294 383 1356 de
399 1297 453 1368 fin.
469 1312 505 1371 p.
526 1292 573 1355 18.
596 1313 613 1355 e
634 1291 814 1357 Menandro
840 1295 914 1357 Oud.
1003 1295 1040 1352 17
1063 1290 1098 1353 in

95 1389 226 1454 arcadia
247 1388 414 1474 stimphuli
435 1411 460 1453 ε.
488 1389 523 1453 in
540 1390 704 1455 Arcadiae
725 1389 916 1476 Stymphelo
940 1392 1013 1454 Oua.

95 1490 133 1552 19
161 1508 204 1552 ox
225 1489 358 1553 Bornos.
388 1508 444 1552 orn.
473 1509 489 1550 ε
518 1491 592 1553 Ouo.
678 1492 719 1553 23
746 1491 802 1553 uia
829 1510 854 1552 e.
882 1488 917 1552 in
943 1489 999 1550 uia
1023 1488 1098 1550 Oua.

187 1585 302 1650 uillam
322 1593 431 1650 seclusi
460 1607 553 1651 suasu
577 1590 734 1666 Senopeni,
771 1593 823 1666 qui
848 1591 924 1651 naec
949 1589 1100 1649 adnotavit

95 1674 179 1747 ‘non
202 1689 320 1763 quiden
346 1690 395 1749 oia
419 1688 532 1764 Appia,
565 1690 651 1750 naua
672 1692 780 1765 praeut
806 1690 845 1748 ab
870 1690 956 1761 arbe,
989 1686 1100 1747 Martis

93 1786 193 1845 aedis:
214 1803 239 1845 u.
261 1785 401 1846 Dulrerus
425 1786 469 1844 ad
485 1785 547 1846 lio.
568 1785 661 1867 2123
686 1793 715 1847 et
734 1789 858 1861 interpr.
881 1785 924 1844 aa
946 1783 995 1844 Oa.
1016 1783 1098 1842 Fau.

46 1910 50 1915 ·
101 1880 147 1941 VI
166 1881 221 1940 191
249 1876 288 1965 [et
310 1883 343 1942 G.
365 1882 400 1941 Α.
423 1882 555 1943 Beckeri
573 1884 664 1956 antiq.
688 1882 773 1942 Rorn.
794 1881 817 1940 I
834 1897 870 1955 p.
894 1879 951 1937 511
972 1874 1040 1961 rp.].
1068 1885 1100 1937 at

85 1976 186 2040 *oilla
207 1982 318 2042 Martis
344 1997 399 2043 nen
420 1982 543 2043 warde
567 1986 696 2056 constat,
719 1986 750 2044 et
774 1997 824 2041 rer
847 1985 891 2041 est
907 1994 968 2053 per
988 1994 1019 2037 se
1040 1978 1098 2037 ab·

92 2079 197 2137 surda.
228 2093 324 2152 quare
345 2094 404 2139 non
419 2077 516 2138 dubito
537 2080 608 2153 quin
624 2072 737 2140 uillam
756 2079 800 2139 aa
813 2076 1025 2153 exponendum
1039 2092 1096 2134 ra-

92 2177 203 2237 rioren
216 2193 243 2235 a.
262 2171 382 2237 hortuli
406 2178 647 2257 scarificationem
663 2179 826 2252 asoriptun
847 2175 945 2249 suerit
964 2177 995 2235 in
1011 2189 1098 2233 nar-

92 2273 184 2344 pune·
202 2272 282 2332 anae
305 2277 410 2347 postea
430 2273 469 2331 ab
486 2273 602 2333 nornine
621 2274 750 2349 indocto,
777 2276 829 2335 oui
843 2274 994 2348 penetiuou
1012 2266 1098 2330 Mar·

94 2365 137 2428 tis
158 2371 303 2430 nolertiar
316 2370 452 2442 neniae,
473 2371 505 2431 in
519 2373 616 2446 ursum
632 2372 785 2431 uerborum
801 2372 935 2431 ordinem
949 2373 1098 2443 receptum

93 2471 143 2526 est.
180 2468 245 2542 ipre
259 2467 360 2529 onero
383 2470 476 2544 plane
496 2469 599 2530 arden
621 2469 717 2530 uerbis
740 2470 785 2528 aa
804 2469 836 2540 Q.
851 2468 897 2542 fr.
919 2467 976 2528 III
994 2468 1013 2525 7
1035 2462 1098 2524 Ro·

94 2582 166 2624 mae
192 2568 226 2626 et
251 2563 392 2627 maxime
421 2563 530 2648 Appia
556 2570 599 2627 ud
622 2561 738 2626 Martie
759 2564 842 2627 mira
863 2562 1013 2626 alluuies’

97 2659 137 2719 34
173 2656 289 2722 Cicero
324 2661 360 2724 in
389 2661 474 2726 Lino
513 2682 592 2739 unp.
625 2666 663 2726 R.
700 2665 836 2738 Unperus
866 2667 898 2723 in
927 2662 1098 2735 prolusione

92 2774 194 2834 pann.
220 2760 478 2825 Friediandiensis
505 2766 580 2823 anni
604 2759 837 2825 Moaaaams
864 2757 1097 2831 (nuosunuun

92 2860 196 2932 capita
218 2860 304 2934 tria’)
321 2877 355 2936 p.
377 2860 396 2922 3
574 2884 576 2889 ·
1141 2866 1143 2870 '

178 2955 213 3016 Ρ.
230 2955 249 3016 6
270 2973 297 3016 n.
321 2958 336 3017 1
354 2957 389 3021 in
404 2957 547 3021 medium
567 2954 661 3020 nobis
683 2958 749 3020 aod.
766 2958 845 3019 Dan.
865 2953 900 3014 in
919 2943 1026 3014 medio
1042 2970 1098 3035 po-

93 3048 163 3135 puli
185 3070 202 3113 ε
224 3053 297 3115 Oua.
385 3055 404 3116 6
425 3062 523 3138 atque
542 3054 681 3134 utinam]
700 3055 743 3127 es.
760 3055 803 3114 M.
819 3053 969 3128 Ilauptiur
988 3053 1099 3113 observ.

92 3152 159 3210 orit.
180 3167 212 3226 p.
229 3151 269 3209 47
355 3150 424 3234 uis,
448 3151 571 3215 uomica
585 3157 621 3212 ut
636 3152 790 3212 Bentleirn
808 3153 841 3210 in
853 3150 927 3211 Hor.
946 3149 981 3208 Α.
997 3150 1031 3208 Ρ.
1048 3147 1099 3224 26,

100 3249 221 3320 Wotfiur
236 3251 356 3311 misaeli.
364 3267 398 3326 p.
410 3251 488 3326 454,
504 3250 674 3312 Meinelriur
686 3244 854 3310 Menandri
869 3253 898 3308 et
908 3248 985 3307 Pnii.
1001 3249 1055 3307 rel.
1068 3263 1099 3321 p.

94 3347 249 3409 XXXVI.
265 3345 317 3408 uis
336 3347 474 3426 comica,
495 3354 532 3411 ut
550 3350 623 3412 Oua.
714 3347 752 3407 12
773 3350 840 3410 aide
861 3365 899 3409 ne
914 3347 1099 3410 seribendurn

93 3448 132 3505 sit
149 3441 313 3527 Maecius,
340 3450 367 3509 is
392 3448 431 3508 de
450 3463 507 3523 puo
528 3448 571 3521 ef.
591 3449 744 3509 Bentler'uo
770 3451 802 3508 in
822 3448 897 3509 Hor.
917 3445 953 3504 Α.
975 3445 1009 3503 Ρ.
1029 3442 1099 3515 387,

102 3544 283 3605 Weienertue
304 3549 383 3621 pon.
405 3546 472 3606 Lat.
498 3549 552 3609 rel.
572 3566 607 3623 p.
630 3547 691 3608 334
717 3564 794 3623 sau,
826 3547 969 3605 Estraenu
993 3542 1099 3601 Horat.
