2468 4036
173 239 234 302 252
584 220 749 296 uncini.
974 237 1043 293 1111
1062 242 1178 295 ro-ar

268 424 361 483 Lenia
380 429 467 501 sunt,
492 439 569 502 quae
591 421 625 479 tir
648 417 810 498 pergrauia
833 434 901 477 csse
922 419 953 475 in
975 417 1111 478 animum
1132 419 1178 477 in·

630 515 717 576 duxti
731 520 824 576 tuom.

173 622 242 682 Pero
268 620 349 698 Quid
363 615 523 680 consolare
538 616 610 676 met
637 619 675 674 tn
691 614 851 694 qnisquam
866 634 992 694 usquam
1008 617 1180 694 gentiumst

629 713 727 791 aeque
742 713 861 773 miser?

266 817 466 896 Priusquam
486 815 565 874 htno
585 829 713 873 uxorem
734 809 824 889 dini,
846 810 996 870 habebam
1016 808 1092 871 alibi
1115 813 1179 871 tni-

630 929 712 969 mum
728 908 825 968 amori
840 906 1002 975 deditums

267 1012 385 1072 Tamen
401 1029 564 1091 numquam
584 1027 674 1068 ausus
695 1007 762 1067 sirm
777 1025 922 1067 recusare
944 1010 1011 1067 etur
1028 1028 1120 1087 quarn
1138 1011 1178 1076 mi

628 1103 767 1165 obtrudit
781 1111 886 1185 pater:
1129 1117 1179 1172 295

265 1207 326 1269 lam
341 1210 374 1267 in
388 1208 446 1267 htc
463 1225 509 1285 re,
524 1212 560 1266 ut
572 1211 701 1283 taceam,
720 1205 839 1284 quoiuis
855 1202 946 1264 facile
962 1208 1074 1266 scitust
1088 1226 1178 1286 quarn

628 1305 742 1365 fuerbn
758 1304 863 1364 miser.

264 1405 324 1467 Vix
338 1422 387 1464 me
402 1400 480 1463 illim
493 1403 628 1462 abstraxi
641 1410 733 1481 atque
747 1401 920 1484 inpeditum
933 1403 966 1462 in
981 1420 1018 1463 ea
1033 1400 1178 1483 expediui

631 1502 764 1563 animrim
778 1521 890 1581 meum,

265 1601 387 1681 Vixque
402 1601 463 1661 bric
479 1596 686 1661 contuleram:
709 1619 758 1661 em
773 1603 853 1661 noua
870 1619 923 1661 res
944 1605 1060 1680 ortua,
1082 1603 1179 1683 porro

629 1701 666 1760 ab
681 1700 740 1759 hac
756 1718 833 1777 quae
848 1717 897 1758 me
911 1698 1079 1760 tbstrahst.

268 1798 347 1858 Tum
365 1800 494 1858 mttrem
516 1817 554 1859 ex
575 1817 612 1859 ea
630 1816 667 1857 re
686 1815 735 1856 me
757 1798 810 1857 urit
824 1815 951 1858 uxorem
970 1798 1002 1857 in
1021 1795 1115 1880 crilpa
1131 1797 1179 1858 in-

630 1902 795 1955 uenturum
810 1896 962 1955 arbitror:

268 1991 358 2069 Quod
374 2012 465 2072 quom
481 1996 524 2053 tta
541 2012 609 2054 esse
625 1994 786 2071 inuenero,
805 1991 879 2071 qnid
893 1998 993 2053 restat
1007 1993 1068 2053 nisi
1082 2013 1179 2074 porro

627 2097 661 2150 nt
675 2091 746 2150 flam
760 2091 878 2151 miseri
1129 2103 1181 2157 300

265 2184 339 2246 Nam
366 2187 474 2248 mttris
501 2188 588 2248 ferre
618 2189 747 2248 iniririas
772 2209 836 2268 me,
872 2190 1042 2269 Parmeno,
1075 2191 1180 2274 pietts

627 2286 729 2345 iubet:

266 2377 347 2439 Tum
367 2383 455 2441 uxori
476 2383 626 2443 obnoxir'rs
648 2404 729 2444 sum:
752 2384 795 2444 ita
815 2383 888 2445 olim
905 2387 960 2445 suri
981 2405 1031 2446 me
1052 2387 1180 2466 ingenio

628 2481 768 2563 pertulit,

267 2574 330 2635 Tot
347 2579 431 2636 mets
452 2576 579 2638 iniurits
601 2599 679 2658 qnae
700 2599 864 2660 numquam
885 2582 918 2641 in
939 2579 1004 2642 allo
1026 2584 1181 2662 patefecit

624 2675 706 2741 loco.

266 2768 329 2831 Sed
352 2774 493 2852 mignum
514 2776 619 2836 nescio
642 2774 716 2853 quid
735 2781 895 2836 necessest
919 2775 1081 2857 euenisse,
1104 2780 1179 2841 Ptr-

626 2893 728 2953 meno,

132 2975 157 3016 os
265 2962 356 3026 Vnde
377 2969 422 3026 ira
438 2969 522 3029 inter
540 2989 592 3031 eas
613 2973 808 3051 intercessit,
831 2974 908 3052 quae
927 2979 989 3034 torn
1005 2977 1181 3053 permansit

616 3065 678 3127 din.
1129 3083 1180 3137 305

167 3158 246 3222 Par.
264 3160 328 3218 Ant
350 3160 457 3221 hercle
482 3182 626 3244 paruom,
657 3169 684 3224 si
712 3168 759 3226 uis
789 3186 865 3229 uero
892 3169 998 3242 ueram
1023 3172 1180 3233 rationem

627 3264 746 3343 exequi.

264 3359 333 3421 Non
353 3360 524 3439 mtxumac,
553 3381 630 3441 quse
651 3368 807 3426 maxumae
830 3372 901 3426 sunt
921 3364 1084 3430 interdum
1103 3369 1182 3446 irae,

626 3461 758 3522 iniuriae
