2468 4036
52 275 243 327 noos-so
458 273 668 336 Αιιιιιιιι
825 246 829 251 ’
1028 276 1070 345 or

139 448 238 524 Quom
260 447 293 506 in
312 443 464 525 ptriunclo
487 443 606 523 aliquot
627 442 795 506 tdfueruut
816 444 946 507 liberae.

53 547 109 607 Du.
141 545 189 605 Ne
214 543 269 605 illa
296 543 383 605 illum
410 542 493 603 haud
520 543 627 622 nouit,
662 545 770 624 quoius
800 565 890 606 ouuso
917 547 995 609 haec
1022 550 1070 607 tn-

508 641 600 720 cipit:

140 740 304 801 ‘Chremes
326 740 353 799 si
374 739 553 819 adpositum
575 738 706 818 prierum
729 745 800 798 onte
822 739 907 801 redis
922 739 1049 817 uiderit,

140 838 231 898 Suum
255 842 376 916 guttum
399 856 461 897 non
484 835 598 896 dobit':
621 842 707 896 tanto
728 837 837 897 hercle
858 839 953 916 mtgis
975 837 1070 898 dubit.
1089 860 1115 902 ιι

54 939 114 999 On.
137 937 207 998 Non
235 935 345 997 hercle
371 937 474 996 societ.
515 936 571 996 Du.
608 935 697 996 Nino
717 935 811 1015 odeo,
840 942 875 996 ut
894 943 928 996 tu
949 941 991 996 sis
1012 938 1072 997 soi-

507 1053 573 1112 eus,
1020 1044 1070 1105 775

142 1134 208 1196 Nisi
229 1136 361 1214 prierum
382 1132 488 1210 tollis,
517 1135 577 1192 itm
601 1153 658 1214 ego
681 1134 762 1194 huno
784 1135 817 1193 in
838 1133 970 1195 medinm
991 1138 1071 1196 uiam

141 1231 327 1294 Prouoluam
348 1239 443 1311 teque
465 1230 582 1291 ibidem
604 1232 784 1312 peruoluom
805 1236 837 1292 in
858 1232 936 1294 luto.

57 1331 123 1392 Mu.
143 1330 193 1390 Tu
214 1329 268 1410 pol
290 1331 382 1389 homo
404 1349 467 1388 non
489 1348 523 1390 es
545 1332 676 1390 sobrius.
707 1332 760 1390 Du.
786 1330 922 1391 Fallrtoia

142 1426 214 1488 Alio
234 1427 325 1488 ilium
344 1428 455 1489 trudit.
487 1430 548 1489 irim
569 1432 723 1491 susurrari
743 1431 845 1508 aridio,
1088 1452 1115 1495 ro

145 1528 251 1588 Giuem
267 1512 402 1588 Atticum
425 1546 494 1588 esse
514 1530 604 1589 huuc.
637 1530 696 1590 Cu.
717 1529 807 1590 Hem.
841 1529 896 1589 Dr.
927 1531 1072 1590 ‘Coactus

514 1624 637 1705 legibus
1022 1636 1074 1691 780

143 1725 219 1785 luam
243 1716 372 1785 uxorem
399 1722 514 1783 ducet?
557 1725 623 1784 Mu.
657 1709 813 1802 Obsecro,
842 1746 879 1785 uu
906 1745 969 1786 uon
998 1728 1073 1786 ciuis

518 1825 589 1883 est?

60 1921 118 1982 Gn.
143 1920 326 1982 Iocultrium
348 1923 381 1982 in
403 1919 516 1982 molum
537 1924 672 1982 insciens
694 1942 794 2002 poene
816 1922 920 1993 incidi.

59 2021 115 2080 Du.
148 2021 222 2096 Quis
244 2023 295 2080 hic
309 2020 471 2100 liquitur?
493 2023 694 2100 ochremes,
717 2042 777 2103 per
793 2029 914 2104 tempus
931 2023 1074 2084 iduenisz

146 2117 305 2180 Ausculto.
338 2120 396 2181 Gn·
425 2121 540 2181 Audiui
568 2122 628 2181 iam
649 2123 758 2181 omnia.
794 2123 851 2181 DA.
885 2122 975 2181 Anne
995 2121 1073 2180 haec
1091 2145 1117 2186 ιι

515 2226 550 2279 tu
568 2221 691 2280 omnia?

64 2315 121 2376 Gn.
148 2315 279 2394 Audiui,
300 2318 440 2398 inquom,
469 2320 671 2399 aprinoipio.
708 2319 764 2378 Du.
796 2316 958 2395 Audistiu,
987 2318 1077 2376 obse-

162 2486 168 2491 ,
518 2418 596 2475 ero?
619 2418 692 2476 hem
1025 2422 1076 2476 785

148 2510 291 2590 Scelere,
312 2512 392 2572 hrtno
412 2514 471 2573 ium
494 2520 619 2594 oportet
640 2517 672 2573 in
694 2515 862 2573 cruciatum
877 2514 950 2572 hinc
965 2511 1075 2590 thripi.

148 2611 209 2670 Hie
231 2618 280 2671 est
300 2609 373 2671 ille:
395 2631 458 2671 non
479 2620 512 2671 te
535 2611 643 2672 credas
664 2613 781 2671 Dauom
803 2608 927 2669 hidere.

64 2709 128 2769 Mr.
149 2710 204 2769 Me
227 2710 384 2769 miserum:
406 2707 453 2768 nil
473 2708 526 2789 pol
547 2709 619 2768 stlsi
642 2708 721 2786 diui,
745 2711 786 2767 mi
806 2726 909 2767 senex.

64 2806 123 2867 Gn.
148 2806 229 2868 Noui
256 2810 377 2868 omnem
403 2826 480 2872 rem.
516 2814 564 2868 est
585 2808 668 2867 Simo
692 2806 799 2866 intus?
829 2805 883 2864 Du.
909 2805 976 2865 Est.
1009 2802 1075 2865 Mr.
1097 2831 1122 2872 ω

516 2905 563 2966 Ne
585 2925 635 2966 me
658 2906 778 2985 ittigas,

151 3003 301 3065 Sceleute.
335 3006 362 3064 si
383 3003 438 3084 pol
460 3004 608 3086 Glycerio
631 3025 694 3065 non
716 3006 816 3065 omnio
835 3005 912 3064 hoec
936 3045 967 3062 ..
1026 3009 1080 3066 790

64 3104 119 3166 nr.
149 3104 217 3164 Eho
238 3104 361 3183 inepto,
382 3105 485 3164 nescis
508 3105 582 3184 quid
601 3106 642 3165 sit
657 3104 779 3164 uotum?
800 3103 867 3163 Mu.
889 3103 948 3178 Qui
963 3100 1078 3163 sciam?

64 3203 120 3262 Du.
152 3202 213 3261 Hie
235 3205 325 3262 socer
348 3206 406 3262 est.
441 3201 501 3263 alio
524 3209 613 3284 picto
635 3203 716 3263 houd
736 3208 861 3283 poterat
881 3201 965 3278 fieri,

150 3303 194 3365 Vt
216 3305 312 3363 sciret
332 3304 409 3362 haec
432 3323 510 3383 quae
532 3304 693 3364 noluimus.
732 3304 796 3363 Mu.
820 3300 1036 3360 Praedicerer.

66 3401 121 3463 Du.
150 3399 281 3462 Paulum
301 3403 385 3462 inter
406 3420 476 3463 esse
498 3404 624 3481 censes,
646 3421 683 3461 eu
706 3402 806 3459 animo
829 3399 939 3476 omnio,
1095 3407 1120 3448 δῦ

153 3501 197 3566 Vt
218 3504 282 3566 fert
302 3508 429 3583 natura,
451 3503 546 3562 fricius
566 3521 604 3562 on
626 3498 665 3559 de
685 3498 862 3559 indistria?
1028 3498 1080 3554 795
