2468 4036
130 239 172 301 20
532 237 742 298 Annali.
988 243 1134 294 155-‘22

97 406 193 471 ιΜι.
216 408 363 468 Miserdm
384 426 449 485 me,
473 406 555 485 quod
575 407 705 467 uerbum
726 406 840 468 aridio?
1084 422 1136 474 240

126 503 184 564 Pr.
211 503 313 579 Quid?
346 504 516 580 Chremes,
551 505 605 581 qui
637 501 806 582 denegarat
839 509 874 566 ιέ
906 509 1134 569 commissumim

580 601 655 660 mibi

211 699 342 758 Guttam
364 719 447 758 snam
469 717 613 775 uxorem,
644 695 677 756 id
698 701 843 777 mutauit,
874 705 944 780 quia
966 721 1014 761 me
1036 704 1135 762 inmu-

581 798 679 856 tatum
696 795 806 857 uidet?

97 938 100 945 .
211 894 297 954 itone
326 896 479 955 dbstinute
507 891 560 953 dit
578 912 721 975 operum,
746 901 780 953 ut
802 915 850 955 me
873 917 890 954 a
910 894 1056 975 Glycerio
1079 899 1135 956 mi-

583 1010 687 1051 serum
707 993 887 1052 dbstrahot‘?

211 1090 301 1167 Quod
324 1096 351 1151 si
371 1093 423 1169 fit,
445 1110 542 1172 pereo
561 1090 710 1150 fonditus.

85 1213 110 1254 m
213 1169 322 1248 ddeon
336 1191 493 1250 homiuem
505 1208 575 1250 esse
586 1192 783 1249 inuenustum
795 1194 847 1248 out
857 1188 1015 1251 infelicem
1031 1193 1136 1269 qudm-

581 1305 686 1363 quam,
704 1289 740 1343 ut
759 1303 817 1362 ego
837 1287 918 1344 sum!
1083 1295 1134 1349 245

210 1383 271 1442 Pro
294 1382 385 1443 deum
408 1391 499 1462 atque
520 1380 678 1440 hominuim
695 1378 804 1440 iidem!

210 1480 326 1541 Nrillon
354 1500 412 1560 ego
440 1481 616 1540 Chremetis
643 1485 733 1559 pacto
767 1475 958 1539 adfinitatem
986 1480 1133 1559 eefuigere

581 1576 717 1657 potero?
1083 1604 1093 1621 ·
1179 1650 1185 1659 ι

211 1677 293 1752 Qudt
320 1674 419 1736 modis
448 1675 659 1754 eontdmptus,
689 1674 826 1753 spretus!
853 1674 952 1751 ficta,
981 1678 1135 1734 trunsuota

583 1773 693 1832 (imnis.
721 1773 803 1850 hem,

209 1872 400 1952 Repudiatus
426 1875 569 1954 repetor:
605 1891 694 1950 quom
722 1872 851 1931 obrem?
878 1874 938 1931 nisi
965 1875 991 1932 si
1017 1871 1051 1931 id
1077 1881 1134 1951 est,

585 1968 668 2049 quod
687 1971 844 2049 suspicor:

85 2083 110 2126 ιι
214 2051 339 2146 dliquid
361 2070 490 2129 monstri
512 2067 613 2127 oirint:
644 2086 680 2126 en
710 2069 852 2145 quonism
872 2068 989 2128 nemini
1010 2070 1134 2130 obtrudi

582 2170 698 2243 potest,
1082 2176 1134 2228 250

210 2249 274 2338 itur
296 2263 335 2322 ud
357 2281 414 2322 me.
437 2264 501 2322 Mu.
525 2262 632 2322 Ordtio
649 2263 727 2321 hoec
748 2280 798 2321 me
819 2265 961 2324 miseram
983 2265 1141 2341 exanimae,

226 2352 237 2370 ⁹
581 2364 628 2419 uit
646 2366 739 2420 metu.

126 2458 179 2519 Pu.
207 2459 283 2519 Num
305 2457 379 2537 qnid
398 2476 455 2536 ego
476 2457 574 2518 dicem
596 2457 636 2518 de
658 2458 771 2538 patre?
792 2460 831 2518 ub

212 2557 382 2616 'funttmne
405 2574 471 2616 rem
493 2563 556 2616 tum
578 2554 782 2635 neglegenter
805 2556 912 2635 igere!
939 2556 1133 2635 praeteriens

583 2652 673 2713 modo

211 2751 257 2811 Mi
276 2752 356 2831 nprid
378 2753 480 2812 torum
499 2759 588 2813 ‘uuor
601 2753 660 2811 tibi
676 2749 861 2828 ducendast,
882 2748 1057 2829 Pamphile,
1080 2751 1134 2806 ho-

226 2907 229 2911 .
583 2846 645 2907 die’
666 2850 781 2924 inquit,
805 2853 905 2926 ‘purat

83 2955 110 2994 2⁰
210 2946 271 3002 Abi
293 2944 436 3004 domum?
456 2943 489 3003 id
510 2945 586 3003 mihi
607 2947 705 3002 uisnst
727 2942 834 3003 dicere
857 2943 918 3000 <sbi
942 2944 1003 3000 cito
1019 2962 1053 3000 uc
1068 2961 1134 3001 sus-

580 3038 683 3120 ptnde
705 3043 760 3099 te.'
1080 3049 1133 3101 255

213 3122 372 3217 Obstipui:
402 3139 517 3197 censen
545 3157 594 3198 me
622 3138 752 3198 uerbum
777 3136 915 3217 pdtuisse
942 3134 1038 3195 ullum
1061 3142 1133 3215 prd-

580 3233 691 3314 loqui?

209 3335 273 3396 Aut
293 3351 411 3394 causum
434 3333 543 3413 ullum,
563 3336 700 3415 ineptum
720 3333 831 3395 saltem
852 3329 959 3390 itlsum
974 3331 1129 3407 iniquam?

582 3433 728 3493 obmutui.
