2468 4036
80 244 251 301 nais-93
433 242 722 308 Evsvciivs,
1042 243 1082 307 83

78 415 137 476 rs.
167 411 250 489 Quid
276 415 303 472 si
334 432 415 472 nunc
439 418 507 473 tute
533 413 708 472 fdrtunatas
735 412 816 472 fias?
864 412 922 478 ca.
951 411 1083 489 Quare,

537 508 714 568 Pdrmeno‘i

163 604 338 688 Respdnde.
365 607 423 668 ΡΑ.
440 607 550 686 Capias
566 604 694 666 tusslius
709 612 837 666 uestem.
861 606 920 667 (iu.
935 604 1086 667 Vestem?

537 699 611 781 quid
629 709 695 763 tum
714 702 844 783 pdstea‘i
1033 710 1088 764 370

77 804 135 865 Ps.
147 792 152 801 ¹
163 804 226 863 Pro
241 802 296 863 illd
317 808 349 863 te
366 800 524 862 deducam.
568 803 626 862 cn.
645 800 756 863 Addio.
821 801 877 861 ΡΑ.
901 800 949 859 Te
964 818 1033 860 esse
1047 797 1086 857 ss·
1101 825 1128 867 ⁸0

528 900 591 961 lum
610 898 717 960 dicam.
762 900 818 959 (iu.
838 897 1001 976 Intdllego.

79 999 137 1059 ΡΑ.
166 998 216 1059 Tu
243 997 325 1060 illias
349 999 456 1059 fruare
480 996 663 1076 admmodis,
692 997 801 1076 quibus
829 999 864 1056 td
889 995 977 1056 illum
1001 993 1087 1056 dtee·

532 1098 587 1156 bats
606 1092 713 1155 modo:

167 1193 275 1253 Cibum
303 1194 365 1254 dna
390 1195 509 1273 capias,
542 1191 641 1271 tdsis,
668 1199 791 1271 tangas,
822 1188 925 1269 hidas,
955 1196 1086 1273 propter

211 1289 213 1293 ¹
531 1290 679 1351 ddrmias:

166 1385 420 1468 Quanddquidem
433 1386 558 1449 illarum
579 1389 681 1467 neque
695 1392 728 1449 te
748 1388 906 1466 quisquam
923 1386 1010 1446 misit
1030 1404 1086 1445 ne·

534 1504 595 1565 que
614 1485 674 1545 scit
693 1487 747 1564 qui
766 1485 837 1543 sies.

164 1581 333 1641 Praeterea
356 1582 456 1642 forma
477 1588 511 1642 et
532 1583 615 1642 aetas
636 1583 748 1663 ipsrrt,
778 1577 872 1640 steila
898 1585 934 1639 ut
953 1598 1011 1660 pra
1033 1597 1087 1638 eu·

535 1679 635 1739 nuchd
655 1679 780 1759 probes.
1034 1684 1085 1739 ³75

82 1774 140 1835 Οιι.
166 1773 250 1835 Dixti
276 1777 391 1857 probe,
425 1795 484 1838 nea
519 1777 662 1854 quuam
694 1772 760 1834 uidi
788 1771 896 1832 melius
923 1771 1085 1834 consiiiaim
1100 1795 1127 1837 as
1214 1778 1217 1788 '

534 1871 612 1931 dari.

166 1970 233 2047 Aga
253 1974 355 2030 aimus
381 1971 465 2032 intro
487 1971 645 2031 ndaciam:
679 1987 755 2028 ama
775 1985 841 2043 me,
869 1963 984 2044 dbdac,
1016 1963 1085 2044 duc,

537 2065 681 2146 quantdm
702 2069 816 2145 potest.

80 2164 138 2224 rs.
166 2163 248 2240 Quid
262 2166 348 2244 agis?
369 2166 493 2226 iocabar
506 2165 660 2246 equidem.
692 2165 750 2226 cu.
768 2164 886 2223 Garris.
916 2162 972 2223 ΡΑ.
989 2161 1086 2240 Perii,

538 2262 612 2342 quid
634 2282 692 2342 ego
714 2265 764 2341 egi
784 2261 900 2322 miser?

168 2361 235 2436 Quo
259 2359 384 2420 triadis?
416 2361 587 2442 perculeris
615 2365 675 2422 iam
702 2369 737 2421 tu
763 2380 822 2422 me.
857 2361 916 2421 tibi
943 2358 1086 2439 equidem

537 2457 622 2538 died,
641 2476 739 2519 mane.

82 2554 141 2614 Οιι.
166 2553 288 2614 Edmus.
310 2553 368 2613 ΡΑ.
384 2555 521 2633 Pergin?
544 2557 601 2616 cn.
618 2557 785 2616 Certumst.
807 2555 864 2614 ΡΑ.
884 2553 966 2616 Vide
981 2572 1022 2613 ne
1039 2555 1086 2612 ni-

531 2653 624 2710 mium
639 2650 769 2711 calidum
783 2651 843 2709 hac
857 2650 897 2709 sit
911 2648 1012 2710 modo.
1034 2657 1088 2710 380

83 2746 140 2808 ca
167 2747 235 2808 Nan
256 2749 305 2808 est
319 2747 478 2828 proiecto:
499 2751 575 2811 sine.
618 2748 676 2808 rs.
698 2748 741 2807 At
764 2748 846 2807 enim
866 2747 963 2806 istaec
985 2750 1017 2805 in
1036 2765 1086 2807 me
1104 2761 1129 2806 ιι
1211 2738 1215 2745 ’

538 2844 671 2907 cudetrir
691 2845 770 2907 faba.
810 2845 869 2906 (iar.
888 2845 948 2905 Ah.
1204 2896 1210 2904 .

81 2941 139 3001 ΡΛ.
166 2938 330 3020 Flagitium
345 2940 482 3003 iacimus.
527 2944 585 3005 (iu.
607 2926 656 3004 Ᾰιι
675 2942 709 3003 id
727 2945 917 3024 flagitiumst,
943 2944 1017 3003 siin
1032 2940 1087 3002 do-

531 3063 612 3102 mam
633 3045 839 3103 meretriciam

166 3135 310 3198 Dedicat
329 3145 362 3200 et
375 3138 438 3200 illis
456 3143 615 3220 ominibus,
637 3161 715 3221 quae
728 3162 785 3203 nos
798 3145 996 3221 ndstramque
1013 3139 1087 3200 adu-

535 3237 717 3298 lescdntiam

166 3329 291 3390 Habent
310 3327 496 3412 despicatam
509 3340 542 3395 et
553 3328 632 3412 quae
652 3353 709 3394 nos
723 3352 846 3415 semper
865 3334 1004 3395 dmnibus
1019 3352 1088 3392 cru·

533 3431 616 3489 cidnt
636 3427 746 3506 modis,

838 3511 880 3573 6*
