2468 4036
60 259 235 314 tvae-46
461 257 668 319 titulun.
1028 261 1070 326 45

144 431 208 493 Sed
228 431 330 491 Dtuoa
351 429 423 490 exit.
458 431 500 488 ml
517 430 626 506 homo,
647 427 723 507 quid
739 431 818 491 intuo
840 431 1023 493 obsecranti

144 531 211 607 Quo
232 532 339 610 pertas
359 527 512 608 puerum?
533 527 593 590 Da,
613 527 728 606 Mysis,
746 547 828 589 nuno
850 548 926 610 opua
949 530 998 589 est
1018 535 1071 589 tua

143 629 226 689 Mihi
247 627 287 687 ad
307 629 386 687 lituo
406 645 473 686 rem
495 631 676 705 exprompta
696 625 813 687 militia
835 633 927 706 atque
948 628 1069 688 astuitia.

57 729 124 791 Μι.
146 727 228 805 Quid
242 747 313 788 nam
327 724 541 806 incepturu'oi
562 725 621 786 Du.
645 707 761 805 decipe
778 745 857 786 ame
879 726 963 786 huno
984 726 1069 786 daiua

143 828 246 907 Atque
268 830 341 886 inte
362 831 499 885 nostram
520 825 641 884 ienuam
663 823 792 904 adpone.
829 825 894 884 Mu.
918 809 1068 904 Obsecro,
1096 835 1121 878 10

144 924 302 984 Humine‘l
322 924 383 987 Du.
405 924 452 984 Ex
475 943 527 982 ara
547 923 621 982 hinc
644 924 730 982 sime
752 924 904 983 uerbenta
923 923 981 982 tibi
1018 929 1070 985 726

143 1023 247 1101 Atque
269 1025 321 1081 ets
342 1023 516 1082 substerne.
548 1021 614 1080 Μι.
638 1021 734 1096 Quam
756 1022 863 1080 obrem
876 1018 912 1080 id
924 1025 992 1079 tute
1008 1021 1069 1078 ndu

511 1119 613 1178 fucis?

59 1220 119 1282 Da.
148 1220 242 1297 Quia,
264 1221 290 1278 al
311 1218 395 1278 forte
417 1237 494 1298 opua
515 1217 556 1276 ait
577 1215 617 1276 dd
638 1235 725 1276 erum
746 1216 846 1276 iuratd
867 1215 942 1276 mihi

143 1318 213 1378 Non
234 1317 408 1399 mposisse,
430 1323 465 1376 ut
485 1314 605 1396 liquido
625 1317 749 1396 possim.
782 1315 852 1375 Mn.
869 1313 1037 1394 Intellego:

141 1415 228 1475 Noua
248 1417 331 1475 utino
352 1413 463 1493 religio
485 1415 571 1475 unde
591 1416 687 1474 istaec
708 1413 857 1474 incenati?
878 1411 965 1473 aedo.
1017 1420 1069 1476 730
1086 1425 1111 1469 1⁵

59 1514 118 1576 DA·
142 1514 238 1576 Moue
260 1515 345 1573 eolus
367 1520 416 1592 te,
437 1520 472 1573 ut
493 1513 568 1593 qnid
589 1533 675 1592 agam
695 1531 790 1594 porro
812 1510 989 1591 intellegas.

142 1611 204 1672 Pro
226 1611 375 1692 luppiter.
405 1612 471 1672 Mu.
493 1611 575 1687 Quid
590 1611 659 1671 est?
680 1611 739 1670 Du.
763 1609 900 1690 Spdnaae
915 1616 1006 1690 pater
1020 1611 1068 1670 in-

509 1712 658 1770 teruenit.
741 1768 744 1772 .

141 1808 284 1889 Repudio
306 1806 390 1888 quod
411 1807 570 1867 conissium
592 1810 723 1886 primum
744 1807 948 1868 intenderam.

58 1908 123 1969 Mu.
142 1907 254 1968 Nescit
269 1907 344 1988 quid
358 1926 478 1967 narres.
500 1908 559 1968 Du.
575 1893 642 1985 Ego
657 1925 779 1986 quoque
793 1907 867 1966 hino
883 1907 920 1965 ab
937 1906 1067 1967 dextera

143 2006 260 2068 Venire
282 2023 331 2065 me
353 2002 557 2065 adsimultbo:
579 2010 615 2064 tu
636 2010 671 2064 ut
686 2005 860 2064 subseruias
1014 2010 1066 2066 735
1085 2009 1111 2051 ²⁰

144 2104 300 2182 Οιιιίοιιί,
321 2112 356 2163 ιιι
378 2106 530 2183 quemque
553 2124 629 2184 opus
650 2104 706 2180 sit,
728 2104 834 2162 uerbis
856 2101 937 2162 uide.

58 2201 122 2262 Mn.
143 2202 209 2279 Ego
230 2200 306 2281 quid
324 2221 394 2280 agae
416 2201 462 2261 nil
483 2200 650 2279 intellego:
672 2199 727 2260 sed
750 2199 851 2279 etquid
873 2207 932 2272 est,

145 2299 234 2377 Quod
254 2301 322 2361 mea
343 2319 439 2380 opera
461 2320 536 2380 opus
558 2302 599 2360 ait
620 2301 726 2378 uobis,
748 2306 783 2358 ut
802 2305 837 2358 tu
858 2297 930 2378 pluis
951 2296 1051 2374 niden,

143 2400 294 2474 Manebo,
313 2397 438 2476 nequod
452 2401 590 2458 uestrum
611 2415 753 2458 remorer
775 2395 974 2473 odmmodum.

287 2538 476 2628 Cunnuns.
520 2566 654 2625 Musis.
699 2565 842 2623 Divos.

58 2699 118 2759 Cn.
142 2696 315 2770 Reuertor‚
335 2700 497 2773 postquam
521 2709 599 2770 quae
616 2692 692 2770 dpua
706 2689 796 2748 tuere
815 2686 853 2746 ad
868 2687 1000 2766 miptiau
1012 2692 1066 2748 740
1077 2688 1136 2739 Νι

143 2792 263 2853 Gnatae
279 2793 406 2871 paraui,
428 2795 462 2849 ut
483 2789 606 2849 iiibeam
627 2787 751 2846 arcessi.
784 2783 840 2844 aed
862 2782 936 2863 quid
956 2783 1040 2842 hoc?

142 2891 226 2951 Puer
246 2887 395 2950 heroleat.
428 2886 556 2962 mulier,
577 2892 611 2945 tu
633 2883 781 2964 ddposioti
796 2882 900 2942 huno?
921 2881 987 2944 Mu.
1008 2867 1067 2942 ibi

514 2984 582 3046 illio
605 2986 675 3046 eat?

58 3089 117 3149 Cn.
142 3085 212 3146 Non
234 3087 309 3146 mihi
330 3083 525 3165 respondeat
545 3084 609 3144 Μι.
630 3083 787 3162 Nusquam
808 3087 865 3141 est.
897 3098 954 3140 uae
975 3078 1068 3139 miae-

513 3184 568 3242 rae
588 3182 674 3259 mihi,

143 3279 284 3361 Reliquit
298 3299 348 3340 me
362 3281 454 3341 homo
470 3287 563 3360 atque
577 3281 662 3341 tbiit.
683 3279 742 3341 Du.
759 3278 799 3339 nt
812 3279 949 3338 uoatrdm
962 3273 1066 3351 fidem,
1084 3288 1097 3330 ι

144 3377 224 3458 Quid
249 3379 391 3441 tdrbaeat
416 3377 497 3463 apud
518 3379 642 3441 fordm‘t
669 3376 744 3458 quid
763 3375 813 3437 illi
831 3374 988 3436 hominum
1005 3370 1069 3432 liti-

517 3477 611 3555 ganti
1017 3475 1068 3531 746
