2468 4036
168 211 231 274 282
585 205 752 267 nucina,
882 258 886 266 ,
988 211 1039 263 vn
1058 214 1175 266 ae-in

263 391 351 454 Aded
366 393 498 454 muttito.
522 391 624 470 plicet
638 407 700 448 non
714 388 787 446 fleri
808 388 868 447 hou
884 386 992 448 itidem
1012 394 1048 448 ιιι
1069 391 1102 447 in
1124 409 1175 449 cn-

616 485 757 564 mediis,

264 591 373 651 Omnia
395 594 500 650 dmnes
525 588 578 647 ubi
600 587 780 646 resciscunt.
810 585 861 644 hie
889 603 964 662 qnos
987 584 1093 644 inierat
1120 606 1175 666 par

622 684 794 743 resciscere

267 784 391 846 Scirint:
415 803 490 862 quos
505 802 567 842 uon
587 788 688 841 autern
708 781 869 858 aequomst
889 781 985 858 scire,
1006 779 1110 858 udque
1126 799 1177 840 re·

621 881 755 940 scisceut
771 880 874 958 neque
888 880 995 939 scient

174 984 229 1046 ns.
268 967 361 1042 immo
376 983 469 1041 etiam
484 981 536 1060 qui
550 981 610 1039 hoe
625 976 774 1039 deeultari
790 976 911 1039 inutilius
928 978 1037 1039 eredas
1054 979 1144 1040 dabo.

134 1103 160 1144 ιο
268 1080 410 1159 Myrrina
424 1080 467 1137 ita
481 1075 635 1158 Phidippo
652 1074 745 1155 dixit,
767 1077 830 1136 iniri
845 1074 975 1136 iurandd
991 1095 1060 1137 meo
1127 1088 1178 1142 870

270 1176 313 1236 Sd
333 1176 426 1237 fldem
446 1176 588 1235 habuisse
611 1176 643 1234 et
668 1180 836 1255 propterea
862 1175 894 1233 te
919 1175 978 1235 sibi
1001 1182 1176 1254 purgatum.

627 1273 707 1334 Pars.
726 1257 905 1354 Optumest:

270 1373 430 1454 Speroque
455 1375 534 1433 hane
552 1392 618 1434 rem
645 1392 714 1434 esse
737 1376 917 1433 euenturum
937 1375 1026 1433 ndbis
1048 1393 1086 1433 ex
1108 1392 1178 1433 sen-

628 1471 735 1531 tdntia.

177 1570 253 1633 Pss.
269 1554 349 1650 lire,
370 1569 487 1631 licetne
508 1573 589 1631 seire
611 1576 702 1629 exte
723 1568 835 1650 hodie,
858 1570 931 1649 quid
952 1573 992 1631 sit
1013 1571 1097 1651 qnod
1116 1573 1180 1633 feei

626 1669 722 1729 boni?

270 1769 334 1829 Διἰι
348 1765 423 1847 quid
442 1769 521 1828 istuc
543 1774 591 1829 est
607 1767 689 1847 qndd
706 1787 762 1828 ιιοι
779 1768 890 1846 agitis?
913 1767 993 1828 Psu.
1008 1767 1077 1828 Νόιι
1091 1767 1179 1833 lieet.

628 1866 706 1927 Psn.
724 1865 843 1926 Tamen
861 1868 1008 1945 suspicor.

137 1977 163 2019 ιι
271 1963 335 2042 Ego
348 1964 479 2024 hincab
494 1982 566 2022 oren
580 1964 755 2022 mdrtnnm?
772 1983 831 2042 qun
843 1964 956 2043 picto?
970 1962 1050 2024 Psu.
1059 1961 1179 2040 Nescis,

626 2059 789 2138 Parmeno,
1129 2069 1180 2123 876

273 2156 424 2229 Quantum
439 2152 533 2214 hddie
545 2157 701 2235 profueris
714 2157 791 2217 mihi
809 2164 842 2217 et
857 2163 1018 2239 exquisita
1035 2176 1181 2217 aerumna

628 2257 807 2318 extraxeris.

91 2406 96 2413 .
177 2351 253 2412 Pan.
271 2350 363 2409 Ιιιιιιιό
376 2351 451 2431 scio,
466 2370 568 2432 neque
582 2354 641 2413 hdo
656 2353 826 2435 inprudens
840 2356 912 2415 idai.
930 2355 1009 2416 Pan.
1020 2355 1086 2433 Ego
1100 2357 1181 2414 istuc

628 2453 702 2512 sitis
719 2454 793 2512 sein.

177 2547 232 2608 ΒΛ.
273 2550 321 2606 An
334 2549 454 2609 temere
469 2550 630 2630 qsuicquam
641 2550 792 2610 Pdrmeno
809 2552 988 2630 praetereat
1000 2548 1083 2629 quod
1098 2548 1180 2607 iacto

556 2707 559 2721 ,
628 2651 702 2709 risus
720 2648 783 2708 sit?

177 2743 258 2805 Pan.
271 2741 410 2822 quuere
424 2762 473 2803 rue
489 2744 588 2822 iutro,
603 2744 764 2804 Pdrmeno.
788 2742 866 2804 Pan.
880 2743 1016 2823 Sequor:
1037 2741 1182 2824 siqnidem

629 2840 698 2921 plus
714 2838 809 2900 hodie
824 2841 898 2900 boni

140 2943 166 2988 ιι
260 2938 335 2996 Feei
364 2935 534 3018 inprudens
564 2942 652 3018 quim
680 2938 781 2998 sciens
813 2945 884 2998 ante
909 2940 991 2999 inine
1013 2937 1095 2998 diem
1118 2957 1183 2997 uru-

633 3054 729 3113 qnam.
755 3038 894 3101 (isurun.
909 3038 1062 3101 Plaudite.
1132 3050 1184 3103 880
