2468 4036
192 192 254 252 242
613 190 779 252 HECYRA.
1043 199 1203 253 Iao-aa

166 394 178 432 a
277 374 361 434 Alits
377 377 470 433 ututi
484 376 600 453 pdssim
615 395 704 435 eausa
717 375 775 433 hae
789 378 918 453 integra.
1170 388 1206 440 80

279 473 342 533 Sed
357 473 471 533 uideon
489 491 546 550 ego
562 472 753 532 Philotium?
775 471 857 531 unde
871 473 948 532 haee
964 472 1116 532 dduenit‘?

276 571 428 650 Philotis,
451 570 536 631 salue
550 570 690 633 mriltum.
713 572 772 631 Pn.
788 569 815 630 0
833 568 931 649 salue,
950 571 1116 632 Ptrmeuo.

193 672 245 735 Su.
276 671 368 732 Salue
383 678 554 749 mecastor,
573 672 735 731 Ptrmeno.
757 671 814 730 Pi.
826 669 868 730 Et
881 678 915 729 tu
929 670 1058 749 edepol,
1080 672 1175 749 Syra.

277 771 406 846 hiemi,
426 770 495 846 obt,
518 767 667 845 Philotis,
691 777 723 827 te
738 766 900 827 oblectasti
917 772 977 827 tdm
994 767 1068 827 diua

155 881 178 919 ¹⁰
192 871 248 931 ΡΗ.
277 869 416 928 Minnme
433 866 577 947 equidem
592 885 641 925 me
659 864 826 944 obleetdui‚
850 885 1011 943 quaecum
1026 865 1132 927 milite
1169 880 1202 933 85

277 967 460 1027 Corinthum
475 967 547 1024 hine
564 984 630 1024 sum
646 965 788 1044 profecta
801 964 1080 1023 inhumanissumo:

277 1067 440 1124 Biennium
455 1065 499 1124 ibi
514 1065 698 1144 perpetuom
712 1063 824 1122 misera
839 1061 927 1120 illium
942 1060 1009 1124 tuli.

193 1165 247 1226 Pa.
274 1160 396 1242 Edepol
411 1167 444 1221 te
459 1160 649 1220 desiderium
663 1161 853 1219 Athenarum
870 1160 1015 1237 drbitror,

277 1260 464 1338 Philotium,
488 1264 608 1340 cepisse
624 1278 716 1340 saepe
731 1266 764 1318 et
777 1261 810 1318 te
825 1263 910 1317 tuom

152 1374 173 1409 ¹⁵
278 1358 450 1419 Consilium
468 1360 697 1439 contempsisse.
729 1359 787 1418 Pu.
803 1358 872 1418 Non
886 1355 948 1416 diei
962 1363 1077 1437 potest,
1168 1368 1202 1422 90

277 1459 374 1534 Quam
390 1456 501 1537 eripida
516 1475 600 1517 eram
615 1458 676 1516 hue
689 1453 859 1533 redeundi,
883 1453 1016 1515 abeundi
1030 1476 1048 1513 a
1061 1454 1167 1515 milite

276 1556 403 1634 Vosque
419 1556 470 1613 hie
486 1553 630 1632 uidendi,
651 1558 775 1633 antiqua
790 1562 825 1614 ut
839 1551 1062 1615 consuetudine

275 1655 434 1731 Agittrem
449 1653 532 1711 iuter
549 1672 603 1711 uos
617 1651 720 1713 libere
738 1652 926 1712 conniuimu:

274 1751 349 1809 Nam
365 1748 413 1808 illi
429 1748 512 1809 hand
526 1748 642 1810 licebat
655 1752 715 1810 nisi
728 1751 892 1830 praefluitd
906 1748 992 1827 loqui

153 1861 177 1899 20
276 1849 360 1923 Quae
375 1847 423 1905 illi
437 1844 608 1926 placerent.
638 1848 696 1912 ΡΑ.
711 1847 802 1908 Haaid
817 1848 927 1926 opinor
941 1844 1103 1906 edmmode
1167 1857 1200 1910 95

275 1950 385 2011 Finem
399 1949 542 2007 statuisse
559 1949 690 2007 ordtioni
704 1946 842 2007 militem.

190 2046 247 2110 Pu.
278 2046 341 2106 Sed
357 2045 431 2124 quid
444 2046 503 2104 hoe
513 2045 669 2122 negotist,
691 2043 782 2104 mddo
799 2044 881 2124 quod
895 2046 1032 2105 narrauit
1046 2043 1127 2103 mihi

275 2145 335 2202 Hie
351 2146 432 2203 intus
448 2143 599 2202 Bacchis?
618 2143 700 2221 quod
715 2162 771 2222 ego
787 2161 949 2222 numquam
967 2139 1091 2202 credidi

273 2241 373 2319 Fore,
398 2248 430 2300 ut
448 2239 503 2301 ille
519 2242 576 2299 hae
592 2242 662 2300 uiua
676 2244 783 2322 pdsset
799 2243 931 2301 animum
944 2238 1099 2299 indicere

153 2357 177 2395 11
275 2340 411 2401 onrem
426 2341 551 2402 habere.
573 2341 629 2404 ΡΑ.
648 2342 773 2400 Habere
789 2340 913 2401 autem?
933 2339 990 2398 Pu.
1006 2338 1078 2398 Eho
1096 2345 1143 2418 tu,
1161 2360 1197 2399 an

648 2440 710 2497 11011
726 2437 841 2497 habet?
1148 2451 1196 2502 100

191 2535 245 2596 Pa.
277 2536 394 2596 Habet:
418 2535 474 2595 sed
487 2537 594 2596 firmae
609 2538 667 2596 hae
683 2539 795 2621 uereor
811 2540 845 2595 ut
860 2537 922 2595 siut
935 2536 1075 2617 niiptiae.

190 2633 247 2693 Pu.
276 2635 320 2693 Ita
337 2634 368 2693 di
386 2634 525 2714 deaeque
540 2636 651 2714 faxint,
674 2637 700 2696 si
715 2637 748 2694 in
761 2653 828 2695 rem
845 2641 893 2694 est
907 2635 1084 2698 Bacchidis.

275 2730 339 2790 Sed
356 2735 408 2809 qui
424 2733 504 2792 istuc
519 2732 643 2792 credam
659 2735 703 2792 ita
722 2735 809 2811 esse,
830 2732 879 2791 dio
894 2734 985 2810 mihi,
1008 2733 1176 2796 Parmeno.

190 2828 246 2888 Pa.
271 2829 341 2887 Non
356 2830 404 2888 est
419 2849 494 2909 opus
509 2829 648 2910 prolatio:
670 2834 729 2892 hoc
745 2832 958 2912 pereouttrier

150 2944 175 2984 ao
272 2925 403 2986 Desiste.
426 2927 483 2987 Pu.
495 2928 613 3008 Nempe
625 2949 661 2988 ea
673 2934 779 3008 caiisa,
795 2936 829 2989 ut
841 2949 881 2989 ne
892 2928 926 2988 id
936 2930 990 2989 fiat
1003 2928 1131 3010 palam?
1147 2943 1194 2994 105

273 3022 318 3081 lta
333 3025 383 3082 me
399 3023 430 3083 di
446 3027 605 3103 amabunt,
627 3027 709 3087 haaid
725 3035 893 3108 propterea
908 3030 941 3088 te
955 3047 1043 3106 rogo,

273 3119 316 3180 Vt
330 3120 390 3178 hoe
405 3121 578 3200 prtitorem,
602 3121 657 3181 sed
673 3131 708 3182 ut
722 3127 815 3184 ttcita
830 3114 948 3185 meeum
964 3123 1127 3203 gaudeam.

188 3218 245 3278 ΡΛ.
272 3215 442 3295 Numqudm
457 3225 519 3279 tam
535 3219 619 3281 dices
638 3223 812 3301 commode,
834 3231 868 3283 ut
883 3224 1004 3301 tergium
1020 3242 1128 3284 meum

274 3316 372 3376 'l'uam
386 3321 418 3376 in
434 3316 527 3378 iidem
543 3324 737 3381 committam.
762 3324 819 3383 Pii.
835 3323 884 3382 Ah
897 3321 977 3398 noli,
996 3320 1172 3382 Pdrmenoa

147 3424 172 3463 ³⁵
271 3414 365 3488 Quasi
380 3416 414 3474 at
431 3435 492 3474 uon
506 3417 602 3479 multo
617 3418 705 3479 malis
721 3439 848 3479 narrare
866 3420 924 3478 hoe
938 3419 1014 3478 mihi
1149 3430 1197 3483 110
