2468 4036
33 250 117 298 XXVI
418 250 657 295 mscnnmim

20 476 23 482 ,
114 400 300 467 5155555511
384 400 473 478 2051]
486 401 519 460 hi
604 403 714 481 purtim
799 402 958 481 2455555155

30 491 153 549 55575155
166 490 264 545 deuoti
348 493 383 546 20
398 492 429 542 55
443 489 548 547 005155
561 492 640 544 uncis
725 483 780 563 ibi]
792 485 847 546 dbi
932 491 1042 548 045155

29 575 108 632 55515
194 588 262 628 5555
291 569 364 643 5511,
395 567 454 626 sibi
539 576 573 631 07
597 587 638 645 sq.
658 568 722 628 Aut
748 569 867 648 dspiom
894 566 1042 627 ceciderit

31 664 84 714 sut
103 653 307 732 preefrdgerit
325 647 331 733 Ι
348 650 487 729 Aliquid.
503 652 579 727 uoh,
602 671 825 734 quemquamne
839 653 994 715 homiuem
1009 653 1042 710 in

32 739 132 798 animo
160 737 336 810 instituere,
361 743 415 794 555
463 733 466 739 ’
497 745 532 798 10
551 754 594 812 sq.
616 744 663 796 set
690 756 730 795 ex
759 730 1040 816 1551551551551

30 820 195 882 Dissimilis
211 819 311 880 studio
325 827 381 879 555.
398 821 459 879 ism
474 818 547 878 inde
564 819 603 878 ab
616 818 825 880 adnleseentia
838 820 910 898 (sine
920 816 1040 895 puncto)

114 914 149 968 55
171 923 213 980 sq.
240 903 366 976 iillere,
392 903 435 962 ite
460 902 581 977 utilit,
609 911 729 981 petrem
751 899 758 986 Ι
777 902 928 976 Audebit,
955 909 1040 961 tanto

115 995 262 1051 7055555
346 995 381 1050 82
407 1004 449 1062 sq.
471 986 562 1065 rogis
589 1007 653 1062 me,
681 987 736 1047 ubi
756 987 846 1049 nobis
867 985 1041 1047 Adsohinus

34 1067 139 1146 18155,
162 1070 236 1152 quid
321 1070 436 1135 051151
464 1071 588 1149 operum
616 1069 706 1147 dere,
731 1073 795 1130 ruri
821 1071 888 1131 dese
916 1089 1042 1147 pereum

116 1164 151 1220 96
172 1157 286 1215 fectum
313 1154 413 1214 simile
499 1164 550 1216 105
579 1152 672 1214 duces
758 1164 806 1216 121
835 1172 876 1230 sq.
901 1161 964 1227 est,
996 1152 1041 1212 dis

32 1240 146 1318 555515,
166 1248 172 1319 i
190 1239 233 1297 Et
258 1237 342 1297 dude
428 1247 478 1299 125
507 1238 560 1317 qui
586 1241 653 1296 ueri
680 1239 760 1298 sieut
845 1246 896 1299 100
917 1237 943 1296 si
963 1238 1043 1296 istuo

31 1322 88 1383 tibi
173 1330 224 1383 165
241 1338 283 1395 55.
312 1318 522 1380 iusiurandum
550 1319 686 1392 ddbitur,
713 1329 745 1380 te
774 1340 842 1380 esse
861 1319 865 1399 l
885 1320 1041 1397 indignum

31 1406 142 1466 iniuria
156 1403 215 1461 hio
301 1403 463 1466 loliorum
548 1403 607 1461 hoo
623 1403 701 1462 nihil
717 1403 804 1462 15515.
892 1411 944 1468 170
956 1400 1041 1462 (1555

30 1507 111 1549 nuno
133 1487 193 1545 iem
277 1492 329 1550 172
351 1485 411 1545 An.
435 1505 497 1558 em,
526 1505 625 1545 seruo.
646 1485 727 1546 Pin.
750 1487 853 1547 omitte
940 1486 1041 1549 1000

5 1569 150 1631 ‘fioinue
172 1568 394 1630 miserenddm!
421 1568 481 1628 An.
502 1569 671 1646 geminabit
697 1570 757 1630 nisi
786 1590 890 1631 55555.
914 1567 967 1628 SA.
989 1570 1043 1629 hei

32 1654 198 1714 miserioml
285 1661 335 1718 175
352 1653 500 1732 quidhoc
520 1654 578 1712 reii
600 1653 670 1712 est?
757 1662 807 1719 170
826 1674 924 1714 meam
944 1655 1042 1731 magis
1108 1683 1110 1687 r

31 1737 105 1800 lioet
189 1745 242 1801 180
261 1757 391 1817 aequem
405 1757 474 1797 5555
562 1738 719 1811 1001555,
743 1757 776 1797 55
861 1746 913 1803 188
933 1737 1041 1813 fateor,

31 1822 183 1902 pernicies
203 1822 370 1881 eommunis
456 1831 506 1885 101
529 1820 642 1895 emisti,
673 1841 751 1901 quoe
779 1841 829 1881 res
850 1821 906 1882 tibi
991 1830 1044 1884 208

31 1906 89 1965 hos
106 1913 227 1983 egomet
240 1926 358 1966 meeum
443 1914 496 1968 200
511 1905 643 1982 uooipiot
657 1906 717 1964 iam
736 1905 808 1963 fuxo
896 1913 949 1966 212
963 1903 1043 1965 haee

31 1987 137 2065 hodie]
156 1987 248 2048 hodie
268 2008 348 2068 quse
432 1997 483 2050 215
504 1986 598 2048 hddio
614 1988 756 2068 eiusque
841 1997 893 2052 217
907 2007 949 2064 sq.
965 1990 1042 2067 ped-

32 2072 128 2132 lulum
150 2079 242 2150 etque
261 2066 268 2153 Ι
286 2071 487 2131 Aduldsoenti
514 2089 598 2130 esses
621 2072 822 2149 mdrigeretus
907 2080 960 2134 220
980 2092 1044 2132 555

33 2157 93 2215 5515
115 2155 256 2213 inescare
341 2163 392 2217 201
423 2161 470 2214 555
489 2172 663 2213 maxumum
749 2163 801 2218 202
822 2156 957 2215 omittam

32 2247 212 2316 2015555555
297 2245 348 2300 205
367 2235 461 2314 5555]
472 2236 523 2296 hio
609 2245 661 2300 207
672 2240 830 2317 inceptare
916 2247 1043 2302 250555

31 2329 63 2382 15
86 2339 153 2379 5555
172 2340 259 2381 usum
345 2330 397 2384 255
418 2328 550 2382 tenone
635 2330 689 2387 258
709 2321 786 2382 51155
871 2331 924 2386 202
939 2321 1069 2401 Quine

32 2403 134 2465 dmnia
154 2403 214 2463 sibi
298 2414 351 2469 260
378 2423 511 2464 umorem
541 2414 573 2465 55
599 2405 761 2484 peoodtum
782 2406 906 2468 155555
991 2415 1042 2470 250

32 2488 126 2566 sdpre
146 2494 228 2565 pots.
249 2508 320 2548 nem
341 2487 415 2568 quid
501 2497 553 2553 272
578 2508 634 2550 555
658 2509 760 2569 poene
789 2509 857 2551 sero
886 2491 981 2552 551555
1011 2498 1043 2549 55

32 2571 64 2631 15
87 2590 155 2630 eum
240 2579 293 2636 270
314 2573 370 2633 tibi
388 2572 433 2633 nil
518 2581 569 2637 281
586 2573 642 2634 Su.
667 2572 769 2650 ehem,
792 2573 957 2656 quidest?

32 2663 85 2718 200
101 2675 249 2736 nusquam
268 2655 405 2718 adfueris
489 2659 656 2738 pepereris.
741 2658 876 2724 2021155
896 2659 1043 2740 detquem
1100 2709 1101 2713 ,

116 2748 168 2803 200
188 2739 246 2799 Pol
267 2743 293 2800 is
358 2749 430 2806 usi
451 2750 498 2802 555
522 2744 710 2804 miseriorum
794 2752 846 2807 205
867 2752 958 2802 55555

32 2829 84 2883 299
104 2820 187 2900 quod
207 2824 235 2882 01
318 2835 370 2888 012
390 2833 436 2884 555
456 2823 535 2883 15555
619 2835 673 2889 010
694 2826 778 2887 Setis
798 2826 840 2883 mi
858 2824 890 2883 id
911 2824 1042 2885 habeam

33 2902 182 2981 sdpplioi:
202 2902 288 2979 [dum
302 2905 372 2965 11155
383 2906 515 2964 51515555
525 2906 641 2984 modo]
726 2915 779 2970 010
790 2904 957 2967 Sublimem

32 2992 84 3046 010
106 2983 265 3044 funderem
350 2996 403 3050 020
423 3004 465 3062 sq.
487 2986 578 3049 (1555.
597 2988 656 3050 Gn.
677 2988 764 3064 hem,
782 2984 791 3070 Ι
809 2987 957 3071 Quisquis

32 3065 157 3125 ubinam
178 3066 234 3127 es‘?
318 3079 371 3134 022
393 3078 505 3149 expeto
591 3082 643 3137 020
657 3073 711 3134 So.
735 3072 811 3154 quid
829 3073 958 3135 15551555

33 3157 84 3212 025
105 3150 275 3230 Eloquere]
298 3152 425 3233 loquere
448 3173 519 3232 ergo
605 3164 657 3219 002
668 3154 730 3234 Qui
751 3156 785 3216 sd
807 3159 873 3217 sine
893 3158 1042 3221 15551551-

32 3231 86 3291 bat
166 3242 221 3296 000
250 3234 312 3314 Qui
342 3257 376 3298 se
403 3240 436 3296 in
521 3249 572 3302 005
597 3237 751 3318 prospice]
779 3240 904 3301 consule
990 3253 1042 3307 330

33 3314 190 3375 Putiomur
275 3327 326 3384 007
340 3319 555 3401 proferendum
569 3322 628 3382 hoo
712 3324 754 3382 mi
768 3321 891 3403 quidem
902 3345 963 3384 non
974 3327 1040 3404 ple·

35 3406 83 3457 cet
168 3402 438 3483 341hone]huio
522 3415 574 3470 045
602 3426 639 3466 55
659 3425 712 3466 om.
798 3406 873 3485 heu]
894 3427 956 3468 nou

35 3489 83 3546 017
108 3503 196 3564 quem
219 3488 286 3566 ipse
308 3490 450 3550 55155555
535 3500 586 3556 048
606 3489 680 3550 mihi
702 3509 766 3552 sum
783 3492 904 3552 oonsoio
989 3500 1040 3557 010
