2468 4036
174 281 216 346 48
572 275 778 339 ANDRIA.
1015 278 1186 332 tusa-as

428 449 560 509 Curuo.
602 447 736 509 Musis.
781 447 921 509 Dauos.

104 615 163 668 ive
177 602 232 663 01.
259 600 293 661 in
313 600 371 660 htc
392 601 547 660 habitasse
568 597 671 679 plttea
693 597 839 659 dictumst
861 600 1056 680 Chrysidem,

258 700 343 776 Quae
364 699 433 759 sese
455 700 621 758 inhoneste
638 698 757 778 opttuit
775 717 887 779 parere
909 699 961 758 hic
983 698 1073 759 ditias

257 797 365 860 Potius
387 816 477 876 quam
497 798 531 856 in
551 796 654 876 patria
673 794 806 854 honeste
827 814 945 875 pauper
967 797 1103 856 uiueret:

256 896 331 955 Eius
352 899 453 954 merte
475 913 511 953 ea
533 892 570 953 ad
591 911 641 952 me
661 891 732 970 lege
754 891 919 953 redierint
940 896 1029 956 bona.
1131 899 1183 957 799

146 1010 158 1053 a
260 992 324 1053 Sed
347 995 421 1072 ques
442 997 610 1073 perconter
631 989 733 1049 uideo.
771 987 901 1050 saluete.
938 992 1002 1051 Μι.
1033 975 1182 1070 Obsecro,

261 1095 359 1169 Quem
379 1091 493 1152 uideo?
515 1098 604 1150 estne
626 1089 678 1149 hic
701 1089 789 1149 crito
812 1091 955 1150 sobrinus
977 1089 1161 1172 Chrysidis?

258 1191 366 1252 [sest.
399 1192 453 1251 Cn.
477 1189 635 1269 OMyais,
658 1185 755 1265 selue.
786 1189 851 1248 Μι.
875 1187 984 1249 Saluos
1000 1195 1060 1268 sis,
1083 1190 1181 1251 Crito.

175 1293 229 1353 Ca.
258 1292 324 1351 Itan
346 1291 498 1369 Chrysis?
524 1290 604 1348 hem.
636 1289 701 1348 Μι.
730 1287 794 1347 Nos
823 1288 947 1368 quidem
973 1289 1028 1371 pol
1054 1293 1182 1349 miseras

629 1385 777 1466 perdidit.

177 1490 230 1550 (iu.
260 1485 341 1564 Quid
356 1487 433 1546 uda?
456 1505 515 1563 quo
530 1492 619 1564 pacto
635 1485 709 1544 hic?
728 1487 827 1546 sttinc
843 1487 954 1546 recte?
975 1485 1040 1545 Μι.
1055 1484 1184 1545 Nesne⁴.²

602 1573 605 1577 ¹
630 1584 674 1642 sic
1130 1594 1184 1648 804

133 1708 157 1751 to
259 1682 303 1744 Vt
325 1683 460 1761 quimus,
485 1682 584 1760 aiunt,
615 1681 735 1760 qutndo
754 1688 789 1742 ut
809 1679 948 1743 nolumus
969 1685 1031 1741 nen
1052 1681 1137 1743 licet.

174 1781 229 1841 Cn.
257 1776 562 1869 Quid'Glycerinm?
582 1780 643 1838 iam
663 1781 715 1839 hic
736 1784 806 1840 sues
827 1783 966 1860 parentis
995 1781 1159 1859 repperit?

172 1880 237 1940 Μι.
258 1879 392 1940 Vtinam.
429 1878 484 1937 Cn.
515 1860 563 1936 ain
590 1897 652 1936 non
681 1876 753 1937 dum
775 1879 889 1938 etiam?
917 1876 999 1937 haud
1021 1880 1181 1958 auspicato

623 1975 684 2034 huc
706 1993 755 2034 me
778 1972 883 2034 tttuli:

197 2126 201 2134 .
259 2074 336 2134 Nam
363 2070 432 2153 pol,
458 2073 484 2131 si
511 2070 544 2131 id
562 2073 703 2150 scissem,
732 2073 894 2150 nrimquam
921 2071 982 2130 huc
1006 2070 1181 2132 tetulissem

512 2225 513 2230 ,
627 2170 755 2253 pedem:

259 2269 389 2351 Semper
411 2271 493 2330 enim
516 2268 628 2336 dictast
645 2271 712 2330 c‘sse
727 2272 803 2330 haec
819 2275 911 2348 atque
927 2270 1060 2328 habittst
1073 2288 1180 2328 soror:

131 2392 156 2434 ιι
260 2369 344 2444 Quae
366 2366 451 2428 illins
470 2369 611 2446 fuerunt,
633 2367 788 2448 pessidet:
810 2387 891 2426 nunc
914 2386 962 2426 me
983 2368 1138 2446 hospitem

258 2466 337 2527 Litis
357 2468 459 2546 sequi,
483 2487 571 2546 quam
591 2466 625 2527 id
646 2467 720 2525 mihi
742 2466 782 2526 sit
799 2464 893 2525 facile
908 2473 1000 2545 atque
1016 2464 1105 2543 utile,
1128 2473 1179 2527 811

257 2563 398 2626 Alienum
421 2563 560 2645 exempla
583 2568 791 2624 cemmonent:
814 2560 905 2622 simul
927 2565 1072 2641 erbitrcr,

256 2664 318 2723 lam
334 2662 466 2743 aliquem
482 2665 549 2723 esse
564 2663 693 2722 amicum
708 2667 740 2721 ct
755 2659 950 2721 defensorem
967 2662 1011 2720 ei:
1026 2665 1097 2720 nem
1111 2661 1180 2720 fere

257 2759 445 2821 Grandicula
465 2762 525 2820 iam
545 2760 717 2840 profectost
733 2757 830 2818 illinc.
864 2758 1022 2819 clemitent

130 2874 156 2915 ao
258 2858 312 2917 Me
334 2859 567 2937 sycophantam,
589 2855 797 2917 hereditatem
818 2859 963 2937 persequi
1129 2865 1180 2918 815

255 2955 448 3016 Mendicum:
471 2960 535 3013 tum
555 2955 652 3033 ipsam
674 2954 850 3036 despoliare
868 2960 930 3016 nen
949 2943 1044 3016 lubet.

172 3053 237 3113 Mu.
261 3052 287 3111 0
309 3053 432 3130 dptume
451 3051 581 3130 hospes,
604 3051 657 3132 pel
680 3054 767 3113 Crito
791 3056 948 3132 antiquom
970 3055 1100 3113 dbtines.

173 3149 228 3209 Ga.
254 3147 319 3206 Duc
341 3166 390 3206 me
411 3145 549 3226 edeam,
573 3149 693 3228 quando
715 3152 775 3211 huc
796 3152 886 3229 ueni,
909 3156 943 3210 ut
957 3149 1088 3211 uideam.
1112 3149 1178 3208 Μι.

620 3246 773 3308 Menume.

172 3342 228 3404 Da.
257 3341 375 3423 Sequar
395 3343 467 3403 haist
489 3363 538 3404 me
559 3343 632 3405 nolo
654 3347 688 3405 in
709 3349 851 3428 tempore
871 3346 931 3406 hoc
952 3345 1058 3406 uidett
1072 3363 1177 3406 senen
