2468 4036
210 859 247 950 u
283 852 566 948 lllltlttt
606 850 982 961 lllllttllt

403 1018 496 1104 llll
524 1022 562 1104 Ρ.
584 1019 779 1106 lltllltl.

517 1198 665 1208 -—--

171 1331 203 1386 P.
229 1327 433 1385 TERENTIVS
453 1329 523 1384 Aler
549 1326 717 1402 Cartbagine
742 1334 824 1386 natus
846 1329 962 1386 seruiuit
987 1329 1093 1385 Romae

86 1415 216 1472 Terentio
233 1414 347 1469 lucano
367 1412 504 1482 senatori,
528 1428 545 1467 a
565 1429 620 1484 quo
638 1415 674 1470 ob
691 1412 836 1486 ingenium
856 1420 884 1469 et
901 1414 1018 1469 sormam
1037 1429 1094 1467 non

86 1501 227 1556 institutus
244 1496 330 1554 modo
348 1496 498 1554 liberaliter
510 1495 562 1552 sed
574 1502 602 1551 et
611 1503 718 1553 mature
730 1514 815 1554 manu
825 1497 930 1555 missus
943 1503 995 1553 est.
1028 1495 1094 1565 Qui-

87 1583 157 1640 dam·
170 1587 282 1654 captum
299 1596 363 1638 esse
385 1581 560 1637 existimant:
584 1580 660 1652 qnod
676 1581 737 1636 fieri
760 1583 835 1638 nullo
860 1582 945 1638 modo
966 1581 1093 1654 potuisse

85 1667 249 1724 Fenestella·
262 1663 357 1738 docet,
378 1681 441 1720 num
456 1665 526 1720 iuter
539 1663 624 1718 finem
636 1665 753 1722 secundi
764 1666 829 1723 belli
839 1665 937 1721 Punici
949 1671 976 1720 et
987 1665 1126 1726 initiumb

88 1752 159 1808 tertii
171 1755 253 1806 natus
264 1749 300 1804 sit
312 1751 339 1804 et
354 1753 496 1805 mortuus:
515 1764 582 1816 nee,
602 1748 626 1803 si
646 1749 803 1805 aNumidis
822 1754 869 1804 aut
883 1748 1008 1804 Gaetulis
1023 1765 1093 1818 cap-

87 1843 131 1892 tus
147 1835 197 1902 sit,
211 1832 317 1888 adduci
324 1833 443 1888 Romam
452 1832 542 1905 ibique
553 1833 670 1887 naenire
681 1832 824 1904 potuisse,
837 1833 913 1888 nullo
925 1833 1094 1888 commercio

86 1921 157 1975 iuter
168 1919 279 1974 ltalieos
292 1922 319 1972 et
329 1915 416 1972 Afros
429 1916 484 1972 nisi
497 1921 562 1988 post
575 1916 695 1972 deletam
708 1915 906 1988 Carthaginem
921 1920 1032 1988 coepto.

170 2001 223 2057 Hie
239 2016 302 2056 eum
319 2000 412 2055 multis
433 2000 573 2061 nobilibus
597 2001 770 2057 familiariter
792 2000 875 2069 uixit,
899 2000 952 2056 sed
973 2000 1093 2056 maxime

87 2103 151 2144 eum
162 2085 295 2157 Scipione
307 2084 442 2140 Africano
456 2089 482 2140 et
491 2082 521 2140 G.
535 2085 639 2152 Laelio,
653 2085 754 2157 quibus
767 2085 850 2141 etiam
862 2083 989 2156 eorporis
1003 2084 1093 2157 gratia
1104 2094 1140 2146 ιο

86 2170 250 2228 conciliatus
271 2167 460 2229 existimatur:
485 2169 561 2240 quod
580 2174 606 2224 et
625 2169 719 2241 ipsum
734 2169 893 2226 Fenestella
915 2169 1007 2241 arguit
1028 2185 1094 2225 eon-

85 2254 204 2311 tendens
221 2257 338 2324 utroque
356 2252 490 2308 maiorem
501 2254 683 2321 neminisse,
702 2253 830 2325 quamuis
843 2258 870 2310 et
882 2251 1027 2311 Cornelius
1038 2253 1093 2309 Ne-

83 2356 138 2412 pos
156 2338 288 2409 aequales
305 2351 405 2392 omnes
416 2336 505 2392 fuisse
516 2336 607 2392 tradat
618 2343 645 2392 et
654 2337 770 2394 Porcius
783 2337 968 2410 suspitionem
980 2336 1016 2394 de
1028 2355 1093 2394 con·

86 2421 234 2480 suetudine
245 2437 297 2493 per
308 2419 379 2477 haee
391 2421 490 2476 faeiat:

126 2504 200 2561 lirim
211 2501 358 2560 lasciuia'm
368 2504 502 2561 nobilium
516 2510 543 2560 et
553 2505 653 2561 laudes
665 2503 778 2562 fucosae
790 2506 867 2576 petit,
1107 2513 1138 2567 15

128 2589 200 2644 Dum
210 2567 332 2646 lilriaani
345 2587 445 2644 uocem
458 2587 582 2643 diuinam
594 2585 681 2643 inhiat
694 2589 786 2644 auidis
799 2588 923 2656 ariribus,

129 2672 202 2728 Drim
213 2688 245 2728 se
256 2673 293 2728 ad
304 2672 418 2729 Furium
434 2687 536 2727 cenare
548 2676 575 2726 et
585 2671 710 2726 Laelium
721 2670 868 2743 pulchrum
878 2677 966 2744 putat,

126 2756 242 2814 namu
286 2795 293 2810 .
339 2796 346 2810 .
498 2794 505 2808 .
552 2795 559 2809 .
603 2754 701 2811 erebro
713 2756 742 2810 in
752 2754 894 2810 Albanum
905 2757 975 2828 rapi,

126 2840 198 2896 lirim
211 2857 242 2896 se
254 2842 289 2896 ab
300 2840 345 2896 his
356 2836 445 2896 ama'ri
457 2839 546 2895 eredit
557 2839 592 2895 bb
605 2838 705 2896 florem
717 2834 816 2896 aetatis
828 2854 913 2896 suae:

125 2923 193 2980 Pbst
204 2925 320 2981 sublatis
332 2924 416 2981 rebus
428 2922 466 2979 ad
477 2939 615 2979 summam
628 2921 752 2997 inopiam
762 2920 893 2981 redactus
906 2930 959 2981 est.
1103 2935 1138 2989 20

125 2983 220 3078 itaque
232 3027 248 3066 e
259 3013 413 3101 conspeetu
424 3006 547 3063 bmnium
559 3009 625 3064 abiit
637 3008 783 3065 Grae'ciam
795 3008 824 3064 in
835 3014 939 3064 terram
949 3010 1082 3067 ultimam.

126 3092 264 3149 Mbrtnost
276 3094 305 3150 in
318 3091 480 3166 Stymphale
491 3092 632 3149 Arcadiae
644 3092 764 3165 cippido:
777 3093 817 3148 nil
826 3093 941 3150 Publius

128 3173 223 3250 Scipio
235 3178 355 3249 proluit,
367 3177 407 3232 nil
418 3177 443 3230 ei
453 3175 580 3244 Laelius,
593 3177 632 3232 nil
646 3177 757 3245 Furius,

126 3260 196 3319 Tre's
207 3279 259 3334 per
271 3262 348 3318 idem
361 3261 471 3332 tempus
482 3260 529 3332 qui
540 3262 682 3335 agitabant
693 3260 802 3317 nabiles
814 3256 971 3318 facillume:

125 3345 229 3403 Earum
241 3346 286 3403 ille
302 3360 388 3419 spera
399 3344 434 3401 ne
446 3343 559 3400 domum
572 3345 685 3417 quidem
697 3343 794 3402 habuit
805 3339 1018 3412 conducticiam
1069 3415 1071 3420 k
1103 3356 1137 3408 25

126 3428 233 3486 saltem
242 3436 273 3486 ut
284 3434 362 3488 esset
373 3429 428 3502 qnb
439 3430 556 3486 referret
567 3429 672 3486 obitum
685 3427 790 3484 domini
801 3427 939 3483 seruolus.

842 3504 886 3565 1*
