2468 4036
54 271 210 326 aran-91
409 269 688 332 EVNVGHVS.
1017 269 1058 336 71
1110 317 1113 322 n

136 445 308 504 Reatstuam
335 461 370 500 ae
394 438 532 498 reddam.
586 437 654 498 adia
680 458 761 498 aum:
796 440 896 500 habeo
924 440 975 499 hie
1002 442 1059 498 ne-

509 539 622 598 minem

138 639 244 717 Neque
282 639 409 696 amianm
442 655 545 715 neque
585 640 755 714 cognitum.
819 657 908 716 qaam
942 639 1060 715 obrem,

511 734 675 813 Phaedria,

138 833 236 913 cupio
256 832 376 912 dliquoa
391 850 503 912 parere
525 834 636 891 amieos
657 833 808 892 beneflcio
831 851 908 893 meo.
944 905 947 911 1

137 928 172 990 ld
192 931 297 989 amdbo
319 929 422 989 adiuta
443 930 509 1007 me,
532 949 591 1007 quo
614 928 647 988 id
660 930 714 988 fiat
736 924 866 990 fdeilius.
1010 938 1061 993 150
1078 952 1104 992 ro
1199 922 1204 931 ¹

138 1025 213 1086 Sine
228 1024 317 1085 illan
336 1029 458 1105 priores
475 1028 572 1104 pdrtia
591 1026 686 1085 hosce
702 1023 820 1104 aliquot
841 1025 909 1086 dies

138 1124 231 1203 Apaid
248 1143 297 1184 me
316 1125 441 1185 habere.
477 1123 524 1183 nil
545 1123 739 1203 respondeo?
781 1126 839 1184 Ριι.
861 1124 1017 1203 Pernam,

137 1222 226 1300 Egon
246 1224 406 1300 quiequam
426 1240 495 1282 oum
515 1222 584 1281 istis
605 1221 694 1281 idetis
714 1222 770 1281 tibi
792 1220 1018 1301 respondeam?

53 1319 112 1380 l’a.
140 1319 188 1378 Ειι
206 1321 331 1396 noster,
352 1317 460 1378 landos
481 1319 605 1379 tdndem
626 1317 801 1398 perdoluit:
823 1321 872 1379 air
895 1338 938 1380 ea.

51 1415 110 1476 ra.
140 1418 181 1474 At
202 1415 259 1493 ego
281 1416 453 1493 nescibam,
476 1418 620 1494 qudraam
642 1422 675 1474 tn
693 1417 771 1475 iren:
794 1415 934 1496 ‘piruolo
1008 1425 1057 1478 155
1077 1435 1103 1476 ιι

140 1513 222 1571 Hine
244 1514 292 1572 dat
313 1514 455 1593 abrepta:
484 1512 590 1573 edinrit
612 1519 710 1574 mater
729 1516 786 1592 prd
808 1533 876 1572 aaa:

141 1608 236 1668 Soror
257 1608 382 1669 dletam:
410 1610 499 1688 eapio
524 1609 694 1688 abdicere,
716 1617 751 1670 nt
772 1610 899 1671 reddim
921 1610 1016 1669 ruirz’

138 1707 256 1788 Nempe
281 1709 381 1777 dmnia
405 1710 483 1769 haee
508 1728 589 1768 nanc
617 1711 713 1769 udrba
736 1710 797 1770 hae
816 1709 952 1770 redeant
973 1708 1060 1771 deni-

512 1825 587 1885 que:

137 1903 311 1982 Exelridor‚
334 1903 391 1966 ille
412 1906 573 1985 recipitur.
615 1925 674 1985 qua
695 1905 814 1985 grdtia‘l

137 2002 205 2062 Nini
232 2004 258 2062 ai
284 2001 370 2062 illum
396 2001 466 2083 plna
492 2023 582 2082 qaam
616 2004 664 2062 me
692 2021 772 2062 amaa
801 2007 835 2061 et
860 2003 951 2061 istam
977 2001 1104 2063 mineat

513 2104 614 2179 times,
1010 2108 1061 2163 160

118 2212 122 2219 ·
140 2199 225 2274 Quae
247 2197 423 2278 adnectant,
450 2219 490 2260 ne
511 2188 598 2261 illim
618 2200 712 2260 tdlem
733 2202 903 2282 praeripldt
923 2200 991 2261 tibi.

53 2294 118 2357 Ta.
139 2296 207 2374 Ego
230 2295 263 2355 id
284 2297 398 2356 timeo?
446 2298 505 2357 Pa.
531 2298 612 2374 Quid
634 2303 666 2357 te
688 2317 761 2376 ergo
785 2296 870 2358 aliud
892 2295 1062 2358 sollicitati

512 2395 601 2455 aedo.

139 2490 216 2550 Nam
240 2490 322 2550 solua
344 2488 400 2550 ille
423 2491 503 2552 ddna
526 2491 601 2553 dati
634 2493 779 2553 nameribi
798 2510 896 2552 meam

138 2588 364 2665 Benignitatem
386 2590 510 2648 adnsisti
531 2591 565 2648 in
584 2595 617 2649 te
639 2587 802 2649 olandier?

138 2684 249 2744 Nonne
270 2687 323 2746 ribi
343 2687 386 2746 mi
405 2684 482 2746 dixti
503 2688 618 2766 cripere
637 2693 670 2746 te
690 2705 728 2746 ex
748 2686 914 2765 Aethiopia
1011 2692 1063 2750 1⁶⁶
1078 2702 1106 2746 to

139 2780 343 2860 Ancillulam,
365 2782 485 2845 relictis
506 2786 600 2845 rebus
622 2786 762 2845 dmnibas

141 2881 309 2956 Qaaeaini‘i
328 2900 424 2960 porro
446 2884 621 2943 eantiehnrn
643 2882 719 2943 dixti
739 2880 822 2941 aelle
844 2886 887 2959 te,

140 2979 218 3054 Quia
237 2976 322 3039 adlae
342 2985 471 3040 utantur
492 2981 539 3041 iris
562 2982 703 3058 reginae:
733 2980 871 3060 repperi,

139 3075 219 3134 Heri
238 3077 335 3135 minas
357 3078 467 3155 uiginti
487 3097 544 3158 pro
568 3080 715 3138 ambobrir
737 3076 820 3139 dedi.

141 3170 260 3233 Tamen
298 3180 492 3255 contemptas
529 3178 582 3236 ibn
621 3183 654 3236 te
690 3178 767 3236 haee
803 3176 896 3235 habai
930 3175 963 3234 in
998 3176 1063 3234 me·
1079 3189 1108 3234 aa

513 3275 624 3334 moria:
1012 3278 1064 3335 170

140 3363 189 3444 (lb
218 3367 295 3426 haee
321 3368 403 3429 facte
432 3372 485 3430 aba
512 3376 545 3431 te
575 3370 722 3450 spernor!
776 3369 837 3429 Τιι.
873 3363 954 3444 Quid
980 3366 1063 3447 latio,

515 3466 688 3526 Phaedria?
