2468 4036
467 281 648 324 PRAEFATIO
1032 282 1070 329 IX

64 445 141 490 mum
161 430 291 490 codicem
305 429 481 489 Bembinum
502 446 564 490 esse
587 447 624 490 ac
645 434 731 506 lonae
747 435 887 508 plurimis
905 435 1071 512 dalliopia-

62 544 168 588 norum
193 530 295 589 noeais
320 527 523 602 abducendis
549 527 705 601 sufficere,
740 530 865 592 sedvel
889 534 932 593 sic
957 539 1071 593 restare

62 641 140 701 quae
161 642 228 686 cum
253 627 317 685 tolli
334 624 473 685 Bemln'ni
495 639 550 700 cpe
576 638 737 701 maneant,
762 630 847 687 ultra
869 630 957 699 leuius
980 632 1071 703 fidem

57 724 278 800 proprediendi
296 731 325 783 et
347 726 451 784 salutis
471 741 488 784 e
509 727 679 785 coniectura
701 729 850 801 petendae
871 731 1070 789 necessilatem

62 825 230 881 monstrent.
246 822 316 882 irinc
331 823 423 896 ipitur
435 822 591 896 profectus
610 826 682 882 etin
700 827 847 885 ancilium
861 826 999 886 adhibitis
1012 844 1071 887 nan

62 921 156 978 solum
176 925 306 979 vaurum
327 920 521 994 scriptoram,
548 920 687 992 inprimis
703 925 967 994 arammatioorum
987 927 1070 983 testi-

63 1019 167 1078 moniis
186 1019 225 1077 de
245 1020 344 1077 multis
365 1018 472 1076 iturum
490 1017 668 1090 fabulamur
689 1020 833 1092 verubus,
856 1021 911 1080 sed
927 1024 1015 1080 etiam
1029 1025 1072 1082 eis

64 1132 140 1190 puae
149 1118 269 1190 priores
289 1115 417 1175 editores
430 1116 542 1189 aliique
557 1115 689 1174 immines
700 1115 779 1175 docti
788 1116 831 1174 ad
839 1118 959 1177 easdem
968 1124 1070 1180 emen-

65 1214 184 1274 dandas
205 1213 278 1273 data
303 1229 398 1288 opera
424 1215 679 1286 excapitaverunt,
706 1214 801 1272 calu
813 1217 923 1287 poetae
943 1217 1071 1290 intepri-

64 1316 153 1370 tatem
174 1315 314 1384 quantam
329 1311 418 1385 potui
436 1311 591 1369 restituere
604 1314 726 1368 conulem
739 1326 813 1370 sum.
835 1326 891 1385 qua
911 1313 943 1371 in
958 1317 1071 1387 necatio

64 1402 140 1468 nova
159 1407 292 1468 subsidia
313 1409 372 1468 nisi
386 1422 462 1482 auae
482 1408 614 1466 omnibus
632 1414 771 1482 paterent
790 1409 865 1469 milei
878 1418 1000 1485 praesto
1012 1428 1071 1472 nan

61 1505 189 1578 fuerunt
202 1511 329 1580 praeter
350 1521 441 1564 unum
460 1508 627 1583 exemplam
645 1506 782 1566 editionis
802 1513 926 1569 curatae
948 1511 985 1569 ab
1003 1509 1070 1569 An·
1161 1537 1164 1542 ·

64 1605 141 1662 tonia
154 1602 289 1662 doceam
300 1601 454 1676 (Lupduni
465 1601 550 1676 apud
557 1601 622 1662 Sel.
635 1603 799 1679 drpplrium
810 1622 838 1664 a.
847 1606 1070 1678 MDXXXXI)

64 1701 255 1761 adserentem
267 1701 353 1761 illud
372 1703 403 1760 im
425 1701 597 1761 bibliotheca
617 1704 703 1775 reple
717 1703 895 1764 Monacensi
908 1708 1070 1780 (sipnaturrr

64 1797 99 1857 A.
114 1798 180 1858 Lat.
201 1812 230 1856 a.
253 1795 337 1871 290),
360 1800 445 1858 cuius
466 1798 650 1871 murmurans
671 1799 776 1858 Petrus
802 1800 948 1861 Victorino
968 1805 1070 1877 scrip-

64 1901 149 1954 turas
162 1895 358 1968 complurium
372 1895 522 1967 librorum,
536 1897 568 1953 in
582 1895 624 1954 eis
636 1893 775 1954 Bemlini
784 1899 975 1971 ascripserat,
991 1899 1072 1958 unde

64 1995 178 2067 aliquot
195 1993 266 2052 locis
280 1993 318 2052 de
335 1995 459 2053 lectione
477 1993 566 2053 iuius
584 1995 688 2069 optimi
700 1993 772 2054 libri
784 2011 861 2068 auae
876 1996 997 2056 aliunde
1012 2013 1070 2056 non

64 2097 131 2151 erat
149 2096 220 2150 nota
240 2091 349 2149 certior
366 2089 469 2162 sactus
489 2105 563 2150 sum.

149 2187 210 2247 Pro
229 2186 429 2259 fundamenta
441 2189 529 2247 leuius
545 2191 738 2262 recensionis,
761 2195 794 2248 ut
800 2206 865 2264 par
879 2195 959 2262 erat,
981 2191 1072 2250 habui

65 2284 195 2345 Ricardi
207 2284 326 2344 Bentlei
344 2286 498 2345 editionem
520 2287 647 2345 alteram
668 2302 745 2360 quae
761 2285 972 2348 Amsteladami
992 2304 1071 2348 anno

65 2381 310 2442 MDOOXXVII
334 2382 465 2456 prodiit:
493 2397 512 2440 a
539 2384 624 2442 cuius
652 2387 787 2457 exemplo
813 2385 864 2443 ali
888 2388 1071 2446 recessissem

65 2481 178 2541 addens
195 2480 365 2541 auctoribus
378 2486 431 2540 aut
448 2481 592 2540 librorum
606 2483 784 2556 scriptoram
797 2486 940 2542 memoria
960 2490 1014 2544 aut
1029 2487 1071 2544 eis

66 2577 228 2639 dominibus
254 2577 347 2638 doctis
373 2580 426 2652 qui
447 2579 566 2638 illorum
594 2581 782 2653 corruptelas
808 2579 879 2639 bene
900 2581 1071 2640 emendasse

66 2673 235 2735 riderentur
256 2679 288 2734 in
309 2674 368 2734 nae
382 2674 577 2749 praefatione
595 2691 745 2748 exponere
765 2679 990 2745 constitueram·
1016 2693 1070 2734 ue-

65 2786 134 2830 rum
152 2786 221 2832 neon
238 2773 374 2833 intellexi
392 2770 451 2829 nac
468 2772 584 2830 ratione
597 2776 728 2844 peracta
742 2770 814 2842 fare
828 2778 860 2829 ut
872 2774 961 2831 multo
975 2773 1071 2830 maius

64 2871 194 2942 spatium
214 2873 378 2946 inpleretur
398 2883 488 2941 quam
509 2868 556 2927 lais
577 2867 691 2927 clturtis
711 2883 879 2929 concessam
899 2874 985 2942 esset,
1007 2872 1070 2929 itu-

63 2985 122 3045 aae
141 2972 191 3030 illo
211 2972 331 3032 consilio
352 2970 463 3029 abiecta
479 2984 541 3027 una
561 2984 628 3028 cum
648 2970 707 3028 lrac
720 2972 863 3029 maiorem
884 2971 992 3030 aarum
1010 2971 1069 3044 sa-

65 3069 204 3130 aularum
218 3071 374 3133 editionem
385 3072 500 3145 paraui
511 3072 587 3129 iusto
601 3075 755 3143 apparatu
771 3071 873 3130 critico
888 3073 1068 3144 instructam,

64 3182 156 3240 quatm
176 3182 246 3226 mou
266 3171 298 3228 in
312 3169 469 3244 publicum
489 3168 616 3242 prodire
632 3182 721 3241 posse
743 3184 838 3242 spero.
860 3169 929 3228 leuic
951 3170 1072 3229 editioni

64 3265 154 3337 infra
174 3265 287 3326 nudam
308 3263 540 3342 discrepantiam
558 3267 726 3339 scripturae
746 3265 943 3326 Bentleianae
964 3268 1070 3340 adieci,

65 3365 147 3424 unde
165 3366 253 3438 quasi
270 3381 329 3424 uno
349 3371 504 3441 conspectu
524 3368 652 3425 eluceret
671 3371 795 3439 quantos
815 3367 895 3424 intra
914 3372 1029 3424 centum
1043 3375 1071 3424 et

67 3463 190 3535 trimma
222 3474 316 3522 annos
341 3464 427 3522 crisis
457 3462 636 3523 Terentiana
661 3464 708 3520 rel
731 3468 803 3536 post
825 3461 929 3533 mapni
954 3460 1072 3521 Bentlei

68 3561 239 3632 exemplum
263 3558 408 3629 effecisset
429 3577 593 3636 processus.
625 3561 734 3620 seclusi
757 3559 828 3617 inde
859 3572 972 3615 omnem
1004 3572 1068 3614 eam

460 3808 639 3920 *η
