2468 4036
77 279 220 341 ΙΙΙ-23
446 274 727 341 nvitvcflvs.

445 863 646 955 Attis
687 862 715 956 Ι.

318 1059 565 1118 Ριιιιιιιιιιι.
616 1059 842 1120 Pnnunno.

79 1213 139 1273 Ριι.
167 1211 247 1290 Quid
267 1212 362 1290 igitur
382 1209 515 1270 fecium?
536 1212 599 1269 ιιόιι
620 1212 709 1270 eum?
729 1231 770 1273 ne
791 1213 872 1271 nunc
895 1211 1018 1291 quidem
1096 1217 1133 1268 11

166 1311 264 1386 Quom
285 1310 424 1369 arcentor
445 1308 551 1368 ultro?
582 1329 620 1367 an
641 1311 744 1390 pitin·
765 1312 809 1370 itu
829 1329 878 1370 me
898 1313 1081 1392 ctmpurem,

164 1407 233 1467 Non
251 1409 377 1488 perpeti
398 1409 596 1466 meretricum
617 1404 839 1481 coutumtliue‘t

165 1504 318 1565 Exclusitz
340 1509 481 1563 reuocat:
502 1503 652 1564 redeam?
673 1524 752 1583 non,
774 1506 800 1565 ei
814 1524 864 1565 me
887 1507 1039 1565 ebsecret.

131 1647 137 1660 .
169 1600 327 1681 Siquidem
342 1600 451 1661 hercle
464 1602 581 1683 poesis,
602 1601 647 1662 nil
660 1605 747 1683 prius
761 1622 863 1683 neque
878 1605 1005 1664 furtiue:
1048 1615 1083 1664 50
1099 1619 1112 1658 ι

94 1701 96 1703 ’
166 1701 284 1763 Verium
305 1701 332 1760 ei
353 1701 485 1780 incipies
505 1702 609 1779 neque
630 1700 799 1780 pertendes
821 1703 942 1762 uiuiter
1124 1706 1128 1711 ’

166 1799 285 1877 Atque,
308 1799 361 1858 ubi
381 1798 447 1877 pati
464 1816 527 1856 nun
547 1798 682 1877 puteris,
703 1817 794 1876 quom
809 1817 899 1858 nemo
922 1799 1056 1877 expetet,

165 1896 282 1956 iniectu
303 1914 379 1976 pecc
400 1894 482 1955 ultro
504 1894 543 1954 id
564 1914 631 1955 eum
651 1897 775 1974 ueniet,
793 1894 932 1956 indicans

167 1992 215 2054 Te
238 1997 340 2054 umtre
362 1999 396 2053 et
415 1993 501 2052 ferre
520 1996 582 2053 ιιόιι
603 2012 709 2074 posse:
731 1998 878 2071 actumst,
899 1992 995 2070 ilicet,

166 2092 297 2152 Pericti:
319 2090 442 2170 eludet,
465 2093 520 2152 irbi
540 2098 573 2152 te
594 2093 710 2152 uictum
730 2094 874 2153 senserit.
1050 2101 1083 2153 55
1102 2104 1128 2145 ιθ

167 2191 263 2252 Proin
277 2193 329 2269 tir,
352 2190 423 2251 dum
438 2196 486 2251 cut
500 2197 638 2272 tempus,
655 2193 747 2252 etiem
762 2198 854 2270 atque
869 2191 961 2251 etium
976 2191 1086 2268 cigitu,

167 2290 246 2349 Erec
269 2291 418 2369 quaeres
438 2292 471 2349 in
493 2310 527 2351 ee
541 2292 644 2370 neque
664 2287 826 2350 consilium
845 2290 946 2367 neque
964 2288 1086 2348 mudum

167 2387 272 2448 Hubet
292 2387 410 2467 uilium,
429 2409 495 2450 eam
516 2388 644 2449 coneilio
665 2406 778 2468 regere
800 2389 862 2447 ιιόιι
884 2393 982 2466 putee.

168 2485 204 2544 ln
225 2487 328 2546 umine
349 2486 426 2545 lmec
448 2487 549 2545 omniu
568 2489 673 2545 ineunt
692 2486 782 2545 uitia:
804 2485 945 2561 iniuriae,

170 2581 380 2662 Suepitiunee,
400 2583 596 2660 inimicitiae,
617 2578 767 2659 indutiae,
1051 2589 1129 2642 601⁵

168 2680 305 2760 Bellium,
324 2702 384 2763 pax
403 2700 541 2741 rursum:
560 2681 681 2739 incerte
699 2682 776 2739 huec
797 2680 824 2739 ei
840 2684 873 2738 tu
887 2676 1024 2758 pistules

167 2779 297 2838 Ratitne
320 2785 406 2839 certa
426 2780 550 2857 ficere,
570 2776 635 2837 nilo
652 2776 723 2858 pluit
744 2795 825 2855 ugus,

170 2877 265 2953 Quam
286 2880 313 2936 si
334 2876 388 2937 den
411 2896 536 2958 operum
553 2884 588 2935 ut
610 2877 677 2937 ci1m
698 2877 819 2935 ratione
840 2875 984 2936 iuetnius.

168 2975 211 3034 let
233 2974 315 3053 quid
336 2995 416 3036 nunc
437 2983 504 3037 tute
525 2979 628 3037 tecum
648 2976 744 3036 iratus
767 2975 882 3053 cigitee

170 3073 289 3151 ‘Egone
309 3072 408 3152 illam,
432 3094 509 3153 qnae
529 3074 635 3152 illum,
657 3075 736 3153 quae
753 3092 803 3134 me
819 3090 897 3153 quae
916 3073 993 3132 nun!
1019 3076 1087 3133 uine
1104 3093 1130 3133 ιι

538 3171 640 3250 modo,
1054 3178 1088 3231 65

168 3265 253 3326 Mori
273 3287 322 3327 me
345 3267 464 3328 malim:
494 3271 611 3330 sentiet
632 3270 683 3347 qui
704 3271 753 3327 uir
775 3269 886 3329 siem'c

96 3416 98 3422 .
168 3362 254 3423 Haec
274 3366 371 3424 uerba
391 3365 446 3426 tila
467 3385 527 3426 unu
546 3387 595 3426 me
616 3364 724 3426 hercle
746 3364 824 3427 fulcu
845 3365 1020 3445 ltcrimulu,

169 3461 265 3536 Quam
285 3461 390 3522 oculte
408 3462 541 3522 terendo
562 3465 675 3522 misere
696 3462 747 3522 uir
765 3464 798 3522 ui
818 3460 1018 3604 eguissent,
