2468 4036
177 206 238 265 228
587 202 767 265 Piloutsso.
1007 212 1054 261 VB
1071 216 1186 269 10-40

136 410 160 450 ro
261 388 363 464 Heus,
384 391 496 465 qudnta
513 392 624 464 quanta
638 386 716 445 haee
729 388 797 446 mda
811 395 977 467 paupertas
994 392 1057 467 dat,
1078 397 1186 452 tamen

261 484 372 546 Adhuc
386 486 491 544 curaui
506 503 598 543 unum
612 483 672 543 hdo
684 482 819 562 quidem,
834 491 868 544 ut
879 487 921 545 mi
932 487 1016 547 esset
1026 488 1118 549 fides.
1133 501 1186 555 905

262 579 359 660 idque
374 578 413 641 dd
426 601 482 641 uos
495 582 587 641 uenio
601 580 786 658 nuntiatum,
807 581 970 662 Demipho,

262 680 406 739 Pardtum
419 698 469 738 me
485 697 569 740 esse:
590 679 643 738 ubi
657 676 764 756 udltis,
784 681 912 739 uxorem
927 681 1007 742 date.

262 778 338 838 Nam
356 780 454 837 omnis
470 777 633 856 posthabui
647 777 722 835 mihi
737 796 800 856 res,
822 777 867 836 ita
881 779 928 837 uti
941 781 998 859 ptr
1012 781 1084 859 fuit,

262 876 427 954 Postqutm
448 881 535 935 tauto
557 893 653 954 opere
675 873 709 934 id
730 876 785 934 uds
806 871 891 934 uelle
915 877 1047 936 animum
1073 877 1187 939 adudr·

628 979 735 1033 teram.

229 1117 236 1130 .
264 1072 307 1132 At
321 1073 373 1131 hie
389 1070 571 1130 dehortatus
587 1071 635 1128 est
649 1087 709 1147 me,
728 1087 769 1128 ne
786 1068 870 1129 illam
886 1072 945 1130 tibi
959 1070 1083 1131 darem:
1135 1085 1189 1138 910

264 1169 351 1229 ‘Nam
368 1173 421 1249 qui
435 1169 497 1228 erit
509 1169 626 1228 rumor'
646 1168 757 1246 iuquit,
772 1166 817 1227 ‘id
832 1168 859 1226 ai
876 1169 1012 1228 feceris?

264 1268 344 1329 Olim
361 1288 451 1347 quom
466 1269 598 1327 honeste
611 1267 723 1346 pdtuit,
744 1272 810 1326 tum
824 1286 887 1327 nou
902 1269 950 1328 est
963 1268 1050 1328 data:

142 1379 166 1418 w
263 1365 351 1425 Nunc
366 1364 489 1425 uiduam
504 1363 627 1425 extrudi
641 1366 792 1444 turpest':
813 1366 913 1426 ferme
929 1364 1038 1426 eadem
1053 1368 1160 1427 dmuia

265 1464 351 1539 Quae
365 1464 434 1524 tute
449 1462 563 1523 dudum
579 1464 681 1522 odram
696 1481 746 1522 me
761 1464 967 1524 inousdueras.

180 1560 238 1620 Pu.
266 1559 347 1620 Satis
360 1562 493 1641 superbe
509 1558 651 1620 inluditis
667 1578 726 1620 me.
748 1561 805 1619 Du.
823 1561 904 1636 Qut?
924 1561 984 1622 Pu.
996 1561 1125 1640 Rogas?
1137 1575 1189 1628 915

265 1658 397 1734 Quiane
411 1657 538 1719 dlteram
555 1657 679 1738 quidem
694 1657 778 1717 sslam
790 1665 901 1739 potero
919 1657 1051 1718 ducere:

263 1757 340 1818 Nam
355 1759 414 1837 qud
429 1756 538 1818 redibo
554 1776 609 1816 ore
626 1756 665 1816 dd
680 1746 745 1815 eum
761 1776 850 1834 quam
865 1756 1133 1837 contempserim?

232 1901 238 1914 .
260 1855 353 1915 ‘Tum
368 1862 470 1915 autem
485 1837 694 1934 Antiphonem
710 1851 803 1912 uideo
818 1855 855 1912 ab
871 1871 940 1913 sese
957 1857 1102 1916 amittere

265 1953 397 2014 Inuitum
413 1952 492 2013 eam’
507 1954 611 2032 inque.
633 1952 691 2013 Du.
706 1951 786 2011 Tum
802 1953 905 2011 autem
920 1949 1013 2011 uideo
1028 1952 1134 2013 filium

266 2053 396 2111 Inuitum
412 2069 485 2111 sane
500 2050 661 2111 mulierem
676 2051 713 2108 ab
729 2069 763 2110 se
778 2053 929 2109 amittere.
1138 2064 1191 2117 920

267 2149 330 2210 Sed
344 2150 442 2210 trdusi
458 2148 551 2210 sodes
565 2148 605 2208 dd
620 2152 721 2209 forum
736 2156 828 2228 atque
842 2147 923 2208 illud
938 2150 1012 2208 mihi

267 2249 437 2326 Argentum
453 2267 575 2308 rursum
589 2249 663 2308 iube
676 2249 820 2326 rescribi,
840 2246 996 2306 Phdrmio.

235 2393 239 2403 ,
269 2344 399 2423 Quodne
415 2346 472 2422 ego
490 2343 633 2425 discripsi
650 2348 745 2427 pdrro
759 2343 823 2404 illia
842 2345 951 2421 quibus
966 2342 1084 2403 debui?

234 2492 237 2499 .
266 2442 348 2518 Quid
360 2445 455 2522 Igitur
469 2444 547 2504 fiet?
568 2442 627 2504 Pu.
642 2444 676 2504 Si
690 2445 738 2502 uis
750 2443 793 2502 mi
805 2442 932 2503 uxorem
947 2441 1034 2520 dare,

268 2543 364 2618 Quam
379 2539 582 2620 despondisti,
604 2540 726 2601 dueum:
748 2541 797 2599 sin
811 2545 860 2601 est
874 2542 909 2599 ut
922 2538 1002 2599 uelis
1141 2552 1191 2605 925

267 2637 398 2697 Mandro
411 2636 495 2698 illam
513 2636 593 2719 apud
607 2646 651 2718 te,
672 2637 728 2698 dds
742 2638 794 2697 hic
809 2642 940 2714 maneat,
963 2637 1129 2717 Demipho.

267 2733 344 2795 Nam
357 2737 419 2795 udn
435 2742 484 2796 est
498 2755 627 2815 aequom
642 2737 692 2797 md
705 2740 836 2816 propter
849 2753 906 2793 uos
924 2721 1036 2814 ddcipi,

269 2837 366 2912 Quom
382 2853 438 2912 ego
454 2837 553 2895 udstri
567 2836 695 2895 bonoria
711 2835 801 2894 carisa
815 2831 980 2914 repudium
996 2831 1116 2893 tlterae

268 2929 463 3008 Remiserim,
485 2950 562 3009 quae
577 2931 659 2992 ddtis
673 2930 856 2991 tantundem
872 2930 972 2990 dabat.

234 3077 241 3090 .
269 3027 312 3088 ln’
329 3030 363 3087 in
376 3027 485 3087 malam
500 3047 568 3088 rem
583 3029 656 3087 hino
671 3045 740 3087 oum
754 3031 832 3087 istae
846 3025 1086 3113 maguiflodutia,
1142 3038 1193 3092 930

268 3125 435 3203 Fugitiuei
457 3128 550 3187 etiam
566 3145 647 3186 nuno
665 3124 814 3186 credine
829 3112 1002 3205 ignortrier

270 3223 334 3284 Aut
348 3224 402 3282 tria
415 3223 497 3285 iaota
510 3224 610 3285 adeo?
637 3223 695 3286 Pu.
710 3225 834 3285 inritor.
860 3224 917 3284 Du.
932 3223 1022 3282 Tune
1037 3223 1119 3282 hane
1137 3220 1195 3282 du-

640 3341 740 3402 ceres,

270 3420 303 3479 Si
319 3423 374 3483 tibi
392 3421 542 3484 daretur?
562 3422 620 3483 Pu.
634 3421 697 3481 uec
712 3418 874 3501 periclum.
897 3418 954 3478 Du.
971 3417 1015 3479 vt
1028 3414 1116 3476 filius
