2468 4036
194 254 256 316 192
341 320 347 333 ‚
607 246 786 310 Pnomsso.
1041 251 1198 310 144-21

168 445 181 485 ⁴
277 432 354 494 Nam
371 435 432 493 nain
446 435 551 512 pateat
565 428 661 490 aaliri
674 433 781 489 nostra
798 427 914 489 diutina
929 429 989 490 iam
1004 428 1141 492 audacia.

168 533 252 594 iAn.
281 530 445 611 Quidnam
461 529 515 589 ille
530 527 698 589 commotius
715 527 824 587 ueniti

194 632 251 693 Gn.
283 630 363 690 Tum
380 629 529 708 temporis
543 628 618 687 mihi
632 628 781 707 punctum
795 625 834 685 ad
848 626 927 685 hanc
947 644 1014 687 rem
1031 632 1094 687 eata
1123 627 1197 688 erus

643 722 739 784 adeat.
757 725 815 786 An.
825 722 906 802 Quid
920 723 1002 784 istae
1016 722 1143 786 malinii

195 824 251 886 Gn.
279 822 368 903 Qmid
384 841 475 902 quom
491 819 640 899 audierit,
665 818 748 900 quaid
765 821 831 880 eina
848 818 1018 881 remedium
1039 824 1195 883 inueniam

646 916 847 978 iracundiae?
1144 931 1193 984 185

278 1015 423 1096 Luquari
444 1013 620 1076 incendam:
638 1015 779 1074 taceam?
802 1015 959 1093 inatigem:
974 1017 1106 1094 purgem
1121 996 1194 1077 mei

641 1110 772 1172 laterem
788 1109 897 1174 lauem.

154 1228 179 1269 aa
275 1210 346 1271 Heni
360 1228 410 1271 me
422 1211 582 1270 miserum:
599 1212 691 1290 quam
705 1210 781 1269 mihi
794 1228 904 1289 paueo,
919 1215 983 1269 ium
994 1192 1133 1290 Antipha
1144 1224 1193 1271 me

642 1308 797 1368 excruciat
812 1309 917 1368 animi:

275 1406 350 1467 iiius
364 1423 414 1464 me
429 1405 568 1482 miseret,
586 1407 615 1464 ei
631 1424 711 1464 nune
727 1406 833 1480 timeo,
853 1405 879 1463 ia
897 1405 1043 1465 minume
1060 1407 1193 1467 retinete

637 1503 838 1580 numinaque
853 1519 889 1562 eo
908 1509 1002 1580 emet,

276 1600 374 1660 Recte
390 1617 447 1678 ega
462 1599 538 1662 mihi
551 1597 698 1659 uidiaaem
713 1606 745 1659 ei
760 1601 843 1660 aenia
858 1618 958 1660 eaaem
973 1599 1055 1660 ailina
1070 1600 1194 1662 iracun-

646 1694 741 1756 diam:

278 1776 406 1874 ilique
428 1797 639 1855 conuaaiaaem
660 1801 752 1874 atque
770 1794 842 1854 hinc
859 1812 909 1854 me
927 1795 1103 1857 annicerem
1119 1816 1194 1876 pro-

645 1891 739 1950 tinam
754 1893 786 1948 in
800 1888 906 1970 pedes.
1141 1902 1193 1956 190

192 1990 250 2051 An.
278 1993 374 2068 Quam
389 2007 462 2050 nam
476 1990 528 2048 hic
544 1988 646 2067 fugam
664 1993 716 2046 aut
731 1987 848 2048 furtim
864 1988 977 2067 parati

153 2102 178 2145 ιι
193 2087 249 2150 Gn.
276 2085 340 2146 Sed
355 2087 407 2145 ubi
422 2068 631 2166 Antiphonem
645 2086 822 2165 reperiam?
839 2091 890 2146 aut
904 2105 962 2165 qua
978 2086 1130 2164 quaerere
1144 2087 1193 2146 in-

636 2183 741 2241 aiatim
755 2181 858 2241 uiam?

190 2279 247 2343 Pu.
276 2279 324 2339 Te
336 2279 481 2342 niminat.
497 2279 555 2341 An.
566 2279 678 2340 Neaeid
690 2277 772 2356 quod
786 2297 927 2356 magnum
941 2279 1000 2338 hoc
1013 2281 1122 2340 nuntio
1138 2299 1192 2342 ex-

640 2378 731 2457 peetd
748 2373 868 2437 malum.

189 2477 247 2542 Pn.
275 2479 341 2557 Ah,
363 2481 458 2539 ainun
480 2480 535 2539 eei
566 2478 622 2542 Gn.
645 2479 773 2537 Domum
790 2479 838 2536 ire
858 2495 1001 2556 pergam:
1024 2477 1069 2535 ibi
1089 2477 1191 2556 pluri-

636 2580 756 2636 mumat.

188 2673 245 2736 Pn.
271 2673 464 2735 Reuocemua
478 2674 642 2738 huminem.
671 2676 728 2736 An.
745 2672 799 2733 Sta
813 2671 896 2735 ilico.
922 2673 978 2735 Gn.
995 2671 1093 2751 Ham,
1114 2676 1190 2734 satia

638 2792 696 2853 pro
711 2773 845 2853 inperio,
861 2771 998 2852 quiaquia
1013 2789 1056 2833 ea.
1139 2783 1190 2837 195

188 2867 246 2928 Αιι.
272 2867 360 2930 Geta.
384 2868 440 2930 Gn.
456 2852 556 2947 ipaeat
574 2886 664 2948 quem
678 2867 763 2927 uolui
779 2868 907 2931 ‹ibuiam

187 2963 245 3024 An.
274 2963 359 3023 cedo
375 2962 450 3043 qnid
464 2969 580 3044 portua,
599 2967 737 3043 ebsecro,
757 2970 850 3044 atque
864 2963 908 3044 id,
928 2967 954 3024 ai
968 2970 1068 3044 potes,
1089 2967 1189 3027 uerbo

637 3059 756 3140 expedi.

148 3176 174 3218 aa
188 3155 245 3218 Gn.
268 3156 400 3221 Fauiam.
417 3159 474 3220 An.
490 3158 656 3238 Eloquere.
673 3157 730 3221 Gn.
747 3158 843 3220 Μόᾶο
860 3158 941 3240 apud
954 3165 1111 3239 portum..
1130 3163 1187 3223 An.

383 3256 553 3316 meamea
574 3254 805 3321 eumanum.
822 3259 881 3321 aa.
893 3243 1009 3320 ocean.
1027 3258 1188 3324 annena

186 3351 244 3416 Aa.
272 3352 353 3432 Quid
367 3357 475 3433 agam?
492 3355 549 3419 Pu.
569 3355 650 3436 Quid
666 3357 732 3415 ais?
749 3358 806 3420 Gn.
822 3359 920 3417 Huiua
933 3363 1054 3437 patrem
1071 3359 1189 3423 uidisse

638 3473 699 3534 me,
712 3459 854 3537 patruum
865 3463 958 3520 tuom.
