2468 4036
85 234 256 290 veae-cr
477 220 689 284 ADELPHI.
1023 219 1085 285 ³27

166 412 256 475 Scies
274 413 354 472 istuc
374 409 464 468 ibam.
487 403 583 466 milite
602 404 636 464 in
656 404 798 482 homine,
820 403 946 479 Demea,
1097 415 1125 457 ιι

166 510 260 588 Signa
280 511 402 584 insunt,
425 504 592 582 exquibus
614 503 792 563 ciniecturc
810 501 902 562 itcile
922 500 970 579 fit,

166 610 233 671 Duo
256 608 348 687 quim
365 602 449 665 idem
468 602 603 679 faciunt,
627 599 721 681 saepe
739 605 775 660 ut
790 599 890 681 possis
909 597 1017 658 dicere

166 705 246 766 ‘Hoc
267 703 345 765 licet
363 703 480 783 inpune
497 699 604 760 ficere
624 698 714 776 huic,
734 696 782 758 illi
803 698 865 759 nris
882 696 983 775 licet,

166 802 235 866 Non
251 803 311 882 que
327 794 485 861 dissimilis
501 797 553 856 res
569 797 626 873 sit,
648 794 704 855 sed
722 797 823 874 queis
839 798 893 875 qui
908 797 993 857 iecit.
1037 804 1088 858 825

165 903 252 979 Quae
273 917 331 978 ego
352 897 455 956 inesse
475 895 509 953 in
530 890 596 953 illis
615 890 726 971 uideo,
748 897 783 952 ut
805 890 955 953 confidem
976 893 1046 953 iere
1101 898 1127 940 ⁴⁰

166 999 211 1058 its
231 1001 267 1056 ut
286 992 436 1054 udlcmus.
471 987 563 1050 uideo
586 1009 640 1050 eos
660 992 788 1071 stpere,
821 987 1028 1069 intellegere,
1056 992 1089 1050 in

314 1145 326 1166 ‚
535 1085 604 1146 loco

168 1189 299 1266 Vereri,
319 1188 404 1247 inter
422 1203 457 1244 se
479 1186 597 1244 amire:
619 1185 717 1245 scires
738 1182 871 1244 liberum

168 1286 327 1366 ingenium
349 1290 441 1360 atque
462 1281 603 1345 animum.
633 1286 693 1363 qmi
715 1284 764 1344 uis
784 1281 857 1343 illos
881 1282 988 1345 tidie

166 1381 341 1445 Reddimus.
365 1385 397 1439 at
413 1379 496 1439 enim
512 1379 645 1458 metuas,
667 1400 708 1441 ne
722 1382 759 1440 ab
773 1400 809 1441 re
828 1383 891 1442 sint
906 1389 1010 1443 temen
1039 1392 1092 1447 830

167 1482 355 1543 Omissiores
375 1476 477 1559 parile.
508 1483 653 1537 cnoster
672 1477 796 1554 Demea,
1104 1493 1129 1534 ιι

168 1578 216 1639 Ad
239 1579 340 1638 ‹imnic
362 1573 422 1635 clia
442 1578 543 1635 rettte
564 1575 696 1655 repimus
716 1576 848 1636 rectinet

168 1673 276 1736 Solum
296 1675 391 1734 dnum
411 1671 472 1732 hoc
490 1672 599 1731 uitium
620 1672 685 1731 fert
706 1677 850 1733 senectus
871 1672 1062 1732 hdminibus:

169 1769 364 1831 Attentiores
385 1767 487 1827 rrimus
509 1765 635 1827 adrem
659 1787 784 1848 omnes,
807 1773 896 1849 quim
917 1775 965 1828 sat
985 1772 1049 1828 est:

171 1866 262 1952 Quod
276 1867 349 1930 illc·
365 1873 412 1927 sat
427 1872 511 1926 cetus
526 1869 624 1930 treet.
647 1867 703 1930 lis.
719 1864 766 1928 Ne
783 1869 910 1928 nimiirm
927 1865 1019 1928 modo
1040 1877 1091 1932 835

169 1968 275 2028 Bonae
295 1972 368 2026 tuse
387 1966 466 2024 istae
486 1965 542 2023 nris
562 1964 717 2041 rationes,
739 1965 847 2042 Micio,
1107 1985 1134 2026 ιο

170 2067 212 2127 Et
229 2067 300 2126 tries
320 2065 381 2123 iste
401 2063 519 2122 animus
537 2060 651 2138 seques
671 2061 839 2124 subuertit.
862 2061 920 2124 Μι.
938 2060 1038 2121 Tace:

170 2164 240 2225 Non
257 2163 324 2222 fiet.
347 2163 437 2222 mitte
455 2161 516 2221 iem
532 2162 644 2221 istaec:
667 2159 706 2220 dc
723 2166 757 2221 te
775 2158 869 2221 hodie
887 2161 977 2220 mihi=

170 2261 315 2339 Expdrge
337 2258 482 2317 frontem.
505 2258 562 2318 lis.
578 2255 707 2318 Scilicet
725 2259 769 2318 ita
790 2258 911 2339 tempus
929 2257 1003 2336 fert,

171 2353 411 2417 Facidndumst:
435 2354 574 2413 ceterim
594 2373 648 2413 rus
671 2373 738 2413 cras
761 2373 829 2414 cum
847 2353 917 2414 filio
1042 2363 1095 2418 840

172 2456 250 2516 (tum
268 2453 368 2532 primo
389 2449 453 2511 luci
473 2451 525 2509 ibo
544 2451 625 2510 hinc.
649 2450 706 2512 Μι.
725 2450 771 2510 De
792 2458 885 2511 nocte
906 2453 1035 2512 censeo:
1108 2476 1135 2517 cc

171 2551 276 2614 Hodie
291 2547 382 2610 modo
396 2547 530 2609 hilarum
538 2549 593 2608 dte
608 2554 650 2611 te.
673 2548 730 2610 Dr.
745 2550 787 2609 Et
800 2550 891 2609 istam
905 2548 1063 2629 psdltriam

174 2650 243 2712 Vna
256 2648 331 2710 illuc
346 2667 465 2710 mecum
479 2648 552 2708 hinc
569 2650 751 2709 tbstraham.
774 2649 832 2709 Μι.
849 2649 1048 2727 Pugntueris.

106 2807 110 2813 .
172 2744 221 2812 iio
242 2751 334 2828 picto
355 2765 499 2825 prorsum
519 2744 567 2804 illi
589 2743 733 2824 idligrrir
755 2744 863 2809 lilium.

173 2843 272 2911 itiodo
288 2846 382 2905 licito
397 2851 433 2905 ut
445 2843 531 2904 illam
543 2843 658 2906 sereres.
677 2844 733 2904 Dm
745 2845 811 2923 Ego
826 2845 907 2903 istuc
921 2840 1031 2904 uidero
1045 2852 1096 2909 845

174 2939 278 3024 Atque
303 2944 347 3004 ibi
367 2941 492 3003 lucillae
510 2940 621 3024 plena,
641 2943 719 3003 fumi
737 2963 771 3002 rc
788 2939 917 3024 pellinis
1111 2966 1137 3009 cc

176 3038 346 3121 (loquendo
368 3043 410 3102 sit
428 3041 498 3103 faxo
523 3042 555 3101 et
576 3039 736 3101 molendo:
757 3041 884 3121 praeter
905 3039 984 3100 haec

175 3138 312 3201 Meridie
333 3140 401 3218 ipso
421 3140 531 3200 liciam
551 3145 586 3199 ut
608 3131 753 3219 stipulam
772 3136 913 3217 cdlligat;

177 3237 256 3298 'l'cm
278 3240 435 3298 excrictam
460 3237 589 3298 reddam
616 3242 709 3317 atque
732 3243 829 3298 itram
854 3255 943 3314 quam
966 3235 1098 3294 cerbdst.

550 3333 607 3392 Μι.
623 3333 749 3394 Placet:

177 3428 265 3492 Nunc
282 3433 358 3492 mihi
370 3429 480 3492 uidere
496 3434 615 3512 stipere.
641 3437 733 3511 atque
750 3428 894 3508 equidem
909 3426 1010 3488 filium
1048 3437 1100 3492 850
